
<record>
  <leader>02550cz  a2200553n  4500</leader>
  <controlfield tag="001">55621</controlfield>
  <controlfield tag="003">DLC</controlfield>
  <controlfield tag="005">20200105123123.0</controlfield>
  <controlfield tag="008">810505nc azannaabn          |b aaa      </controlfield>
  <datafield tag="010" ind1=" " ind2=" ">
    <subfield code="a">n  81021998 </subfield>
  </datafield>
  <datafield tag="035" ind1=" " ind2=" ">
    <subfield code="a">(OCoLC)oca00567800</subfield>
  </datafield>
  <datafield tag="040" ind1=" " ind2=" ">
    <subfield code="a">DLC</subfield>
    <subfield code="b">eng</subfield>
    <subfield code="e">rda</subfield>
    <subfield code="c">DLC</subfield>
    <subfield code="d">DLC</subfield>
    <subfield code="d">NjP</subfield>
    <subfield code="d">NIC</subfield>
    <subfield code="d">DLC</subfield>
    <subfield code="d">OCoLC</subfield>
    <subfield code="d">InU</subfield>
    <subfield code="d">HkUST</subfield>
    <subfield code="d">DLC</subfield>
    <subfield code="d">OCoLC</subfield>
    <subfield code="d">InU</subfield>
    <subfield code="d">HkUST</subfield>
    <subfield code="d">DLC</subfield>
    <subfield code="d">DcWaGWGG</subfield>
  </datafield>
  <datafield tag="046" ind1=" " ind2=" ">
    <subfield code="f">1904</subfield>
    <subfield code="g">1997-02-19</subfield>
    <subfield code="2">edtf</subfield>
  </datafield>
  <datafield tag="100" ind1="1" ind2=" ">
    <subfield code="a">Deng, Xiaoping,</subfield>
    <subfield code="d">1904-1997</subfield>
  </datafield>
  <datafield tag="400" ind1="1" ind2=" ">
    <subfield code="a">Teng, Hsiao-pʻing,</subfield>
    <subfield code="d">1904-1997</subfield>
  </datafield>
  <datafield tag="400" ind1="1" ind2=" ">
    <subfield code="a">Teng, Shiao-ping,</subfield>
    <subfield code="d">1904-1997</subfield>
  </datafield>
  <datafield tag="400" ind1="1" ind2=" ">
    <subfield code="a">Tŭng, So-pʻyŏng,</subfield>
    <subfield code="d">1904-1997</subfield>
  </datafield>
  <datafield tag="400" ind1="1" ind2=" ">
    <subfield code="a">Tō, Shōhei,</subfield>
    <subfield code="d">1904-1997</subfield>
  </datafield>
  <datafield tag="400" ind1="1" ind2=" ">
    <subfield code="a">Dén, Si︠a︡o-pin,</subfield>
    <subfield code="d">1904-1997</subfield>
  </datafield>
  <datafield tag="400" ind1="1" ind2=" ">
    <subfield code="a">Deng, Xiao Ping,</subfield>
    <subfield code="d">1904-1997</subfield>
  </datafield>
  <datafield tag="400" ind1="0" ind2=" ">
    <subfield code="a">Dengxiaoping,</subfield>
    <subfield code="d">1904-1997</subfield>
  </datafield>
  <datafield tag="400" ind1="1" ind2=" ">
    <subfield code="a">Teng, Hsziao-ping,</subfield>
    <subfield code="d">1904-1997</subfield>
  </datafield>
  <datafield tag="400" ind1="1" ind2=" ">
    <subfield code="a">Дэн, Сяопин,</subfield>
    <subfield code="d">1904-1997</subfield>
  </datafield>
  <datafield tag="400" ind1="1" ind2=" ">
    <subfield code="a">Dėn, Si︠a︡opin,</subfield>
    <subfield code="d">1904-1997</subfield>
  </datafield>
  <datafield tag="400" ind1="1" ind2=" ">
    <subfield code="a">Đặng, Tiểu Bình,</subfield>
    <subfield code="d">1904-1997</subfield>
  </datafield>
  <datafield tag="400" ind1="1" ind2=" ">
    <subfield code="a">Tiṅ, Źaʼo-phiṅ,</subfield>
    <subfield code="d">1904-1997</subfield>
  </datafield>
  <datafield tag="400" ind1="0" ind2=" ">
    <subfield code="a">Tiṅ-źaʼo-phiṅ,</subfield>
    <subfield code="d">1904-1997</subfield>
  </datafield>
  <datafield tag="400" ind1="1" ind2=" ">
    <subfield code="a">鄧小平,</subfield>
    <subfield code="d">1904-1997</subfield>
  </datafield>
  <datafield tag="400" ind1="1" ind2=" ">
    <subfield code="a">邓小平,</subfield>
    <subfield code="d">1904-1997</subfield>
  </datafield>
  <datafield tag="400" ind1="1" ind2=" ">
    <subfield code="a">[トウ] 小平,</subfield>
    <subfield code="d">1904-1997</subfield>
  </datafield>
  <datafield tag="400" ind1="1" ind2=" ">
    <subfield code="a">Deng, Bin,</subfield>
    <subfield code="d">1904-1997</subfield>
  </datafield>
  <datafield tag="400" ind1="1" ind2=" ">
    <subfield code="a">Teng, Pin,</subfield>
    <subfield code="d">1904-1997</subfield>
  </datafield>
  <datafield tag="400" ind1="1" ind2=" ">
    <subfield code="a">邓斌,</subfield>
    <subfield code="d">1904-1997</subfield>
  </datafield>
  <datafield tag="400" ind1="0" ind2=" ">
    <subfield code="a">Tiṅ-śi,</subfield>
    <subfield code="d">1904-1997</subfield>
  </datafield>
  <datafield tag="667" ind1=" " ind2=" ">
    <subfield code="a">Machine-derived non-Latin script reference project.</subfield>
  </datafield>
  <datafield tag="667" ind1=" " ind2=" ">
    <subfield code="a">Non-Latin script references not evaluated.</subfield>
  </datafield>
  <datafield tag="667" ind1=" " ind2=" ">
    <subfield code="a">Non-Latin script references reviewed in NACO CJK Funnel References Project.</subfield>
  </datafield>
  <datafield tag="670" ind1=" " ind2=" ">
    <subfield code="a">China (People&apos;s Republic of China, 1949- ). Laws, statutes, etc. Electoral law ... 1953.</subfield>
  </datafield>
  <datafield tag="670" ind1=" " ind2=" ">
    <subfield code="a">Kim, Y.J. Mo Tʻaek-tong sasang kwa Tŭng So-pʻyŏng ŭi sahoejuŭi, 1985:</subfield>
    <subfield code="b">t.p. (Tŭng So-pʻyŏng)</subfield>
  </datafield>
  <datafield tag="670" ind1=" " ind2=" ">
    <subfield code="a">Hsüeh hsi &quot;Teng Hsiao-pʻing wen hsüan&quot; fa chan ho fan jung she hui kʻo hsüeh, 1984:</subfield>
    <subfield code="b">t.p. (邓小平 = Teng Hsiao-pʻing) colophon (Deng Xiao Ping)</subfield>
  </datafield>
  <datafield tag="670" ind1=" " ind2=" ">
    <subfield code="a">&quot;Teng Hsiao-pʻing wen hsüan&quot; yen chiu, 1985:</subfield>
    <subfield code="b">t.p. (Dengxiaoping)</subfield>
  </datafield>
  <datafield tag="670" ind1=" " ind2=" ">
    <subfield code="a">Teng Pin chʻi hu, 1985:</subfield>
    <subfield code="b">p. 23 (邓斌 (小平) = Teng Pin (Hsiao-pʻing))</subfield>
  </datafield>
  <datafield tag="670" ind1=" " ind2=" ">
    <subfield code="a">Baracs, D. Teng Hsziao-ping, 1987:</subfield>
    <subfield code="b">t.p. (Teng Hsziao-ping)</subfield>
  </datafield>
  <datafield tag="670" ind1=" " ind2=" ">
    <subfield code="a">Baracs, D. Dėn Si︠a︡opin, 1989.</subfield>
  </datafield>
  <datafield tag="670" ind1=" " ind2=" ">
    <subfield code="a">Văn tuyển Đặng Tiểu Bình, 1995:</subfield>
    <subfield code="b">t.p. (Đặng Tiểu Bình)</subfield>
  </datafield>
  <datafield tag="670" ind1=" " ind2=" ">
    <subfield code="a">Wash. Post, 2/20/97</subfield>
    <subfield code="b">(Deng Xiaoping died on 2/19/97)</subfield>
  </datafield>
  <datafield tag="670" ind1=" " ind2=" ">
    <subfield code="a">Tiṅ-śi rjes Rgya-nag gi ʼgyur ba daṅ Bod kyi raṅ btsan, c1995:</subfield>
    <subfield code="b">p. 15 (Tiṅ-źaʼo-phiṅ)</subfield>
  </datafield>
  <datafield tag="952" ind1=" " ind2=" ">
    <subfield code="a">RETRO</subfield>
  </datafield>
  <datafield tag="953" ind1=" " ind2=" ">
    <subfield code="a">xx00</subfield>
    <subfield code="b">cc15</subfield>
  </datafield>
</record>