
<record>
  <leader>01235cz  a2200253n  4500</leader>
  <controlfield tag="001">283616</controlfield>
  <controlfield tag="003">DLC</controlfield>
  <controlfield tag="005">20200105123140.0</controlfield>
  <controlfield tag="008">910923nn azannaabn          |a aaa      </controlfield>
  <datafield tag="010" ind1=" " ind2=" ">
    <subfield code="a">n  91096888 </subfield>
  </datafield>
  <datafield tag="035" ind1=" " ind2=" ">
    <subfield code="a">(OCoLC)oca03027188</subfield>
  </datafield>
  <datafield tag="040" ind1=" " ind2=" ">
    <subfield code="a">DLC</subfield>
    <subfield code="b">eng</subfield>
    <subfield code="c">DLC</subfield>
    <subfield code="d">DLC</subfield>
    <subfield code="d">OCoLC</subfield>
    <subfield code="e">rda</subfield>
    <subfield code="d">MdRoLAC</subfield>
  </datafield>
  <datafield tag="046" ind1=" " ind2=" ">
    <subfield code="f">1949-10-09</subfield>
    <subfield code="2">edtf</subfield>
  </datafield>
  <datafield tag="100" ind1="1" ind2=" ">
    <subfield code="a">Chung, Fan R. K.,</subfield>
    <subfield code="d">1949-</subfield>
  </datafield>
  <datafield tag="372" ind1=" " ind2=" ">
    <subfield code="a">Mathematics</subfield>
    <subfield code="2">lcsh</subfield>
  </datafield>
  <datafield tag="373" ind1=" " ind2=" ">
    <subfield code="a">University of California, San Diego</subfield>
    <subfield code="a">University of Pennsylvania</subfield>
    <subfield code="2">naf</subfield>
  </datafield>
  <datafield tag="374" ind1=" " ind2=" ">
    <subfield code="a">College teachers</subfield>
    <subfield code="2">lcsh</subfield>
  </datafield>
  <datafield tag="375" ind1=" " ind2=" ">
    <subfield code="a">Females</subfield>
    <subfield code="2">lcdgt</subfield>
  </datafield>
  <datafield tag="400" ind1="1" ind2=" ">
    <subfield code="a">Graham, Fan Chung,</subfield>
    <subfield code="d">1949-</subfield>
  </datafield>
  <datafield tag="670" ind1=" " ind2=" ">
    <subfield code="a">Probabilistic combinatorics and its applications, 1992:</subfield>
    <subfield code="b">CIP t.p. (Fan R.K. Chung)</subfield>
  </datafield>
  <datafield tag="670" ind1=" " ind2=" ">
    <subfield code="a">Spectral graph theory, 1997:</subfield>
    <subfield code="b">CIP t.p. (Fan R.K. Chung) data sht. (b. 10/9/49)</subfield>
  </datafield>
  <datafield tag="670" ind1=" " ind2=" ">
    <subfield code="a">Erdős on graphs, 1998:</subfield>
    <subfield code="b">CIP t.p. (Fan Chung Graham) bk. t.p. (Fan Chung)</subfield>
  </datafield>
  <datafield tag="670" ind1=" " ind2=" ">
    <subfield code="a">50 years of combinatorics, graph theory, and computing, 2020:</subfield>
    <subfield code="b">page xxiii of galley (Fan Chung received her PhD from University of Pennsylvania in 1974. She is a Distinguished Professor of Mathematics, Professor of Computer Science and Engineering, and the Paul Erdos Professor in Combinatorics at the University of California, San Diego)</subfield>
  </datafield>
  <datafield tag="953" ind1=" " ind2=" ">
    <subfield code="a">ba38</subfield>
    <subfield code="b">jd20</subfield>
  </datafield>
</record>