
<record>
  <leader>01398cz  a2200301n  4500</leader>
  <controlfield tag="001">435425</controlfield>
  <controlfield tag="003">DLC</controlfield>
  <controlfield tag="005">20200105123129.0</controlfield>
  <controlfield tag="008">981211n| azannaabn          |b aaa      </controlfield>
  <datafield tag="010" ind1=" " ind2=" ">
    <subfield code="a">nr 98044128 </subfield>
  </datafield>
  <datafield tag="035" ind1=" " ind2=" ">
    <subfield code="a">(OCoLC)oca04880881</subfield>
  </datafield>
  <datafield tag="040" ind1=" " ind2=" ">
    <subfield code="a">DLC-R</subfield>
    <subfield code="b">eng</subfield>
    <subfield code="e">rda</subfield>
    <subfield code="c">DLC-R</subfield>
    <subfield code="d">DLC-R</subfield>
    <subfield code="d">DLC</subfield>
    <subfield code="d">OCoLC</subfield>
    <subfield code="d">DLC</subfield>
    <subfield code="d">HU</subfield>
  </datafield>
  <datafield tag="046" ind1=" " ind2=" ">
    <subfield code="f">1941</subfield>
    <subfield code="2">edtf</subfield>
  </datafield>
  <datafield tag="100" ind1="1" ind2=" ">
    <subfield code="a">Ch&apos;oe, Yŏng-jun,</subfield>
    <subfield code="d">1941-</subfield>
  </datafield>
  <datafield tag="400" ind1="1" ind2=" ">
    <subfield code="a">Choe, Young-jun,</subfield>
    <subfield code="d">1941-</subfield>
  </datafield>
  <datafield tag="400" ind1="1" ind2=" ">
    <subfield code="a">Choe, Yeong-jun,</subfield>
    <subfield code="d">1941-</subfield>
  </datafield>
  <datafield tag="400" ind1="1" ind2=" ">
    <subfield code="a">崔 永俊,</subfield>
    <subfield code="d">1941-</subfield>
  </datafield>
  <datafield tag="400" ind1="1" ind2=" ">
    <subfield code="a">최 영준,</subfield>
    <subfield code="d">1941-</subfield>
  </datafield>
  <datafield tag="667" ind1=" " ind2=" ">
    <subfield code="a">Machine-derived non-Latin script reference project.</subfield>
  </datafield>
  <datafield tag="667" ind1=" " ind2=" ">
    <subfield code="a">Non-Latin script references not evaluated.</subfield>
  </datafield>
  <datafield tag="667" ind1=" " ind2=" ">
    <subfield code="a">Non-Latin script references reviewed in NACO CJK Funnel References Project.</subfield>
  </datafield>
  <datafield tag="670" ind1=" " ind2=" ">
    <subfield code="a">Yŏngnam taero, 1990:</subfield>
    <subfield code="b">t.p. (Ch&apos;oe Yŏng-jun) colophon (grad., Sŏul Taehakkyo Chirikwa; chirihak paksa, Louisiana Churip Taehak; prof., Koryŏ Taehakkyo Sabŏm Taehak)</subfield>
  </datafield>
  <datafield tag="670" ind1=" " ind2=" ">
    <subfield code="a">Taehak yg., 1994</subfield>
    <subfield code="b">(Ch&apos;oe Yŏng-jun; b. Sept. 23, 1941 in Inch&apos;ŏn)</subfield>
  </datafield>
  <datafield tag="670" ind1=" " ind2=" ">
    <subfield code="a">Han&apos;guk ŭi chipkari, 2002:</subfield>
    <subfield code="b">t.p. (Ch&apos;oe Yŏng-jun) added t.p. (Choe Young-jun [in rom.])</subfield>
  </datafield>
  <datafield tag="670" ind1=" " ind2=" ">
    <subfield code="a">Land and life, 2005:</subfield>
    <subfield code="b">ECIP t.p. (Choe Yeong-jun [in rom.])</subfield>
  </datafield>
  <datafield tag="670" ind1=" " ind2=" ">
    <subfield code="a">OCLC #25672367, January 4, 2020</subfield>
    <subfield code="b">(access point: 崔 永俊, 1941- = 최 영준, 1941- = Ch&apos;oe, Yŏng-jun, 1941-; usage: 崔 永俊 = 최 영준 = Ch&apos;oe Yŏng-jun)</subfield>
  </datafield>
  <datafield tag="953" ind1=" " ind2=" ">
    <subfield code="a">xx00</subfield>
  </datafield>
  <datafield tag="985" ind1=" " ind2=" ">
    <subfield code="c">RLG</subfield>
    <subfield code="e">LSPC</subfield>
  </datafield>
</record>