
<record>
  <leader>00900cz  a2200241n  4500</leader>
  <controlfield tag="001">661157</controlfield>
  <controlfield tag="003">DLC</controlfield>
  <controlfield tag="005">20200105123121.0</controlfield>
  <controlfield tag="008">870608n| azannaabn          |a aaa      </controlfield>
  <datafield tag="010" ind1=" " ind2=" ">
    <subfield code="a">n  87875505 </subfield>
  </datafield>
  <datafield tag="035" ind1=" " ind2=" ">
    <subfield code="a">(OCoLC)oca01871021</subfield>
  </datafield>
  <datafield tag="040" ind1=" " ind2=" ">
    <subfield code="a">DLC</subfield>
    <subfield code="b">eng</subfield>
    <subfield code="c">DLC</subfield>
    <subfield code="d">DLC</subfield>
    <subfield code="d">Uk</subfield>
    <subfield code="e">rda</subfield>
    <subfield code="d">MdRoLAC</subfield>
  </datafield>
  <datafield tag="046" ind1=" " ind2=" ">
    <subfield code="f">1947-06-25</subfield>
    <subfield code="2">edtf</subfield>
  </datafield>
  <datafield tag="100" ind1="1" ind2=" ">
    <subfield code="a">Chaitin, Gregory J.</subfield>
  </datafield>
  <datafield tag="372" ind1=" " ind2=" ">
    <subfield code="a">Mathematics</subfield>
    <subfield code="2">lcsh</subfield>
  </datafield>
  <datafield tag="375" ind1=" " ind2=" ">
    <subfield code="a">Males</subfield>
    <subfield code="2">lcdgt</subfield>
  </datafield>
  <datafield tag="400" ind1="1" ind2=" ">
    <subfield code="w">nnaa</subfield>
    <subfield code="a">Chaitin, G. J.</subfield>
  </datafield>
  <datafield tag="400" ind1="1" ind2=" ">
    <subfield code="a">Chaitin, G. J.</subfield>
    <subfield code="q">(Gregory J.)</subfield>
  </datafield>
  <datafield tag="670" ind1=" " ind2=" ">
    <subfield code="a">His Algorithmic information theory, 1988:</subfield>
    <subfield code="b">CIP t.p. (Gregory J. Chaitin; IBM Thomas J. Watson Research Center)</subfield>
  </datafield>
  <datafield tag="670" ind1=" " ind2=" ">
    <subfield code="a">LC data base, 6-5-87</subfield>
    <subfield code="b">(hdg.: Chaitin, G. J.; usage: G.J. Chaitin)</subfield>
  </datafield>
  <datafield tag="670" ind1=" " ind2=" ">
    <subfield code="a">The unknowable, c1999:</subfield>
    <subfield code="b">CIP t.p. (Gregory J. Chaitin) data sheet (b. June 25, 1947)</subfield>
  </datafield>
  <datafield tag="670" ind1=" " ind2=" ">
    <subfield code="a">Hasard et complexité en mathématiques, c2009:</subfield>
    <subfield code="b">t.p. (Gregory Chaitin)</subfield>
  </datafield>
  <datafield tag="953" ind1=" " ind2=" ">
    <subfield code="a">br28</subfield>
    <subfield code="b">jp20</subfield>
  </datafield>
</record>