
<record>
  <leader>01376cz  a2200289n  4500</leader>
  <controlfield tag="001">675852</controlfield>
  <controlfield tag="003">DLC</controlfield>
  <controlfield tag="005">20200105212550.0</controlfield>
  <controlfield tag="008">880922n| azannaabn          |a aaa      </controlfield>
  <datafield tag="010" ind1=" " ind2=" ">
    <subfield code="a">n  88099975 </subfield>
    <subfield code="z">n  89667492 </subfield>
  </datafield>
  <datafield tag="035" ind1=" " ind2=" ">
    <subfield code="a">(OCoLC)oca02365812</subfield>
  </datafield>
  <datafield tag="040" ind1=" " ind2=" ">
    <subfield code="a">DLC</subfield>
    <subfield code="b">eng</subfield>
    <subfield code="e">rda</subfield>
    <subfield code="c">DLC</subfield>
    <subfield code="d">DLC</subfield>
    <subfield code="d">OCoLC</subfield>
    <subfield code="d">OU</subfield>
    <subfield code="d">DLC</subfield>
  </datafield>
  <datafield tag="046" ind1=" " ind2=" ">
    <subfield code="f">1895</subfield>
    <subfield code="g">1970</subfield>
    <subfield code="2">edtf</subfield>
  </datafield>
  <datafield tag="053" ind1=" " ind2="0">
    <subfield code="a">PS3503.O8455</subfield>
  </datafield>
  <datafield tag="100" ind1="1" ind2=" ">
    <subfield code="a">O&apos;More, Peggy,</subfield>
    <subfield code="d">1895-1970</subfield>
  </datafield>
  <datafield tag="370" ind1=" " ind2=" ">
    <subfield code="c">United States</subfield>
    <subfield code="2">naf</subfield>
  </datafield>
  <datafield tag="374" ind1=" " ind2=" ">
    <subfield code="a">Authors</subfield>
    <subfield code="2">lcsh</subfield>
  </datafield>
  <datafield tag="375" ind1=" " ind2=" ">
    <subfield code="a">Females</subfield>
    <subfield code="2">lcdgt</subfield>
  </datafield>
  <datafield tag="400" ind1="1" ind2=" ">
    <subfield code="a">Blocklinger, Peggy O&apos;More,</subfield>
    <subfield code="d">1895-1970</subfield>
  </datafield>
  <datafield tag="500" ind1="1" ind2=" ">
    <subfield code="w">r</subfield>
    <subfield code="i">Alternate identity:</subfield>
    <subfield code="a">Blocklinger, Betty,</subfield>
    <subfield code="d">1895-1970</subfield>
  </datafield>
  <datafield tag="500" ind1="1" ind2=" ">
    <subfield code="w">r</subfield>
    <subfield code="i">Alternate identity:</subfield>
    <subfield code="a">Bowman, Jeanne,</subfield>
    <subfield code="d">1895-1970</subfield>
  </datafield>
  <datafield tag="663" ind1=" " ind2=" ">
    <subfield code="a">Works by this author are entered under the name used in the item. For works of this author written under pseudonyms, search also under</subfield>
    <subfield code="b">Blocklinger, Betty, 1895-1970</subfield>
    <subfield code="a">and</subfield>
    <subfield code="b">Bowman, Jeanne, 1895-1970</subfield>
  </datafield>
  <datafield tag="667" ind1=" " ind2=" ">
    <subfield code="a">Old catalog hdg.: O&apos;More, Peggy, 1897-</subfield>
  </datafield>
  <datafield tag="670" ind1=" " ind2=" ">
    <subfield code="a">Her Seacliff nurse, 1988:</subfield>
    <subfield code="b">t.p. (Peggy O&apos;More)</subfield>
  </datafield>
  <datafield tag="670" ind1=" " ind2=" ">
    <subfield code="a">Contemp. auth., c1969:</subfield>
    <subfield code="b">(Blocklinger, Peggy O&apos;More, 1895-; Peggy O&apos;More; pseuds.: Betty Blocklinger, Jeanne Bowman)</subfield>
  </datafield>
  <datafield tag="670" ind1=" " ind2=" ">
    <subfield code="a">Centrum NUKAT Biblioteki Uniwersyteckiej w Warszawie via VIAF, Sept. 9, 2019</subfield>
    <subfield code="b">(preferred: Blocklinger, Betty (1895-1970); variant: Blocklinger, Betty O&apos;More; O&apos;More, Betty; O&apos;More Blocklinger, Betty)</subfield>
  </datafield>
  <datafield tag="953" ind1=" " ind2=" ">
    <subfield code="a">br00</subfield>
    <subfield code="b">zz00</subfield>
  </datafield>
</record>