
<record>
  <leader>00860cz  a2200217n  4500</leader>
  <controlfield tag="001">969125</controlfield>
  <controlfield tag="003">DLC</controlfield>
  <controlfield tag="005">20200105123124.0</controlfield>
  <controlfield tag="008">800227n| azannaabn          |a aaa      </controlfield>
  <datafield tag="010" ind1=" " ind2=" ">
    <subfield code="a">n  80014274 </subfield>
  </datafield>
  <datafield tag="035" ind1=" " ind2=" ">
    <subfield code="a">(OCoLC)oca00396739</subfield>
  </datafield>
  <datafield tag="040" ind1=" " ind2=" ">
    <subfield code="a">DLC</subfield>
    <subfield code="b">eng</subfield>
    <subfield code="c">DLC</subfield>
    <subfield code="d">CoU</subfield>
    <subfield code="e">rda</subfield>
    <subfield code="d">MdRoLAC</subfield>
  </datafield>
  <datafield tag="046" ind1=" " ind2=" ">
    <subfield code="f">1940-06-16</subfield>
    <subfield code="2">edtf</subfield>
  </datafield>
  <datafield tag="100" ind1="1" ind2=" ">
    <subfield code="a">Varopoulos, N.,</subfield>
    <subfield code="d">1940-</subfield>
  </datafield>
  <datafield tag="372" ind1=" " ind2=" ">
    <subfield code="a">Mathematics</subfield>
    <subfield code="2">lcsh</subfield>
  </datafield>
  <datafield tag="373" ind1=" " ind2=" ">
    <subfield code="a">University of Paris XI</subfield>
  </datafield>
  <datafield tag="373" ind1=" " ind2=" ">
    <subfield code="a">Université de Paris VI</subfield>
    <subfield code="2">naf</subfield>
  </datafield>
  <datafield tag="400" ind1="1" ind2=" ">
    <subfield code="a">Varopoulos, Nicolas,</subfield>
    <subfield code="d">1940-</subfield>
  </datafield>
  <datafield tag="670" ind1=" " ind2=" ">
    <subfield code="a">Symposium on Harmonic Analysis, University of Crete, 1978. Harmonic analysis, Iraklion 1978, c1980 (a.e.)</subfield>
    <subfield code="b">t.p. (N. Varopoulos) verso of t.p. (Dept. of Math., Univ. of Paris XI, Orsay) CIP data sheet (Nicolas Varopoulos, b. 6/16/40)</subfield>
  </datafield>
  <datafield tag="670" ind1=" " ind2=" ">
    <subfield code="a">His Analysis and geometry on ... 1992:</subfield>
    <subfield code="b">t.p. (N.Th. Varopoulos; Univ. de Paris VI)</subfield>
  </datafield>
  <datafield tag="953" ind1=" " ind2=" ">
    <subfield code="a">be16</subfield>
  </datafield>
</record>