
<record>
  <leader>02050cz  a2200349n  4500</leader>
  <controlfield tag="001">1063420</controlfield>
  <controlfield tag="003">DLC</controlfield>
  <controlfield tag="005">20200105123120.0</controlfield>
  <controlfield tag="008">850314n| azannaabn          |b aaa      </controlfield>
  <datafield tag="010" ind1=" " ind2=" ">
    <subfield code="a">n  85052344 </subfield>
  </datafield>
  <datafield tag="035" ind1=" " ind2=" ">
    <subfield code="a">(OCoLC)oca01296557</subfield>
  </datafield>
  <datafield tag="040" ind1=" " ind2=" ">
    <subfield code="a">DLC</subfield>
    <subfield code="b">eng</subfield>
    <subfield code="e">rda</subfield>
    <subfield code="c">DLC</subfield>
    <subfield code="d">DLC</subfield>
    <subfield code="d">OCoLC</subfield>
    <subfield code="d">DLC</subfield>
    <subfield code="d">HU</subfield>
  </datafield>
  <datafield tag="046" ind1=" " ind2=" ">
    <subfield code="f">1945</subfield>
    <subfield code="2">edtf</subfield>
  </datafield>
  <datafield tag="100" ind1="1" ind2=" ">
    <subfield code="a">Ch&apos;oe, Yang-bu</subfield>
  </datafield>
  <datafield tag="370" ind1=" " ind2=" ">
    <subfield code="a">Kwangju-si (Chŏlla-namdo, Korea)</subfield>
    <subfield code="c">Korea (South)</subfield>
    <subfield code="2">naf</subfield>
  </datafield>
  <datafield tag="372" ind1=" " ind2=" ">
    <subfield code="a">Agriculture--Economic aspects</subfield>
    <subfield code="2">lcsh</subfield>
  </datafield>
  <datafield tag="373" ind1=" " ind2=" ">
    <subfield code="a">Han&apos;guk Nongch&apos;on Kyŏngje Yŏn&apos;guwŏn</subfield>
    <subfield code="2">naf</subfield>
  </datafield>
  <datafield tag="375" ind1=" " ind2=" ">
    <subfield code="a">Males</subfield>
    <subfield code="2">lcdgt</subfield>
  </datafield>
  <datafield tag="377" ind1=" " ind2=" ">
    <subfield code="a">kor</subfield>
    <subfield code="a">eng</subfield>
  </datafield>
  <datafield tag="400" ind1="1" ind2=" ">
    <subfield code="a">Choe, Yang-Boo</subfield>
  </datafield>
  <datafield tag="400" ind1="1" ind2=" ">
    <subfield code="a">崔 洋夫</subfield>
  </datafield>
  <datafield tag="400" ind1="1" ind2=" ">
    <subfield code="a">최 양부</subfield>
  </datafield>
  <datafield tag="400" ind1="0" ind2=" ">
    <subfield code="a">Unong</subfield>
  </datafield>
  <datafield tag="667" ind1=" " ind2=" ">
    <subfield code="a">Machine-derived non-Latin script reference project.</subfield>
  </datafield>
  <datafield tag="667" ind1=" " ind2=" ">
    <subfield code="a">Non-Latin script references not evaluated.</subfield>
  </datafield>
  <datafield tag="667" ind1=" " ind2=" ">
    <subfield code="a">Non-Latin script references reviewed in NACO CJK Funnel References Project.</subfield>
  </datafield>
  <datafield tag="670" ind1=" " ind2=" ">
    <subfield code="a">His Nongch&apos;on kanae kongŏp ŭi hyŏnhwang kwa munjechŏm, 1980:</subfield>
    <subfield code="b">t.p. (Ch&apos;oe Yang-bu)</subfield>
  </datafield>
  <datafield tag="670" ind1=" " ind2=" ">
    <subfield code="a">Int. Sem. on the Role of Rural Indus. for Nat. Dev. in the Asian Region (1985 : Seoul, Korea). Rural industrialization and non-farm activities of Asian farmers, 1986:</subfield>
    <subfield code="b">t.p. (Yang-Boo Choe) fwrd (Dr.; research dir., KREI)</subfield>
  </datafield>
  <datafield tag="670" ind1=" " ind2=" ">
    <subfield code="a">His Sanŏp sahoe ŭi nŏngch&apos;on palchŏn chŏllyak, 1987:</subfield>
    <subfield code="b">t.p. (Ch&apos;oe Yang-bu) colophon (b. 1945; Ph.D., Univ. of Missouri, U.S.)</subfield>
  </datafield>
  <datafield tag="670" ind1=" " ind2=" ">
    <subfield code="a">Kŏsan e orŭmyŏn k&apos;ŭn kil i poinda, 2017:</subfield>
    <subfield code="b">t.p. (최 양부 = Ch&apos;oe Yang-bu) front flap (崔 洋夫; b. 1945 in Chŏnnam Kwangju; grad., Sŏul Taehakkyo Nongkwa Taehak Nonggyŏngje Hakkwa Taehagwŏn; nongŏp kyŏngjehak paksa, Missouri Taehakkyo; puwŏnjang, Han&apos;guk Nongch&apos;on Kyŏngje Yŏn&apos;guwŏn; Taehan Min&apos;guk Chu Arŭhent&apos;ina t&apos;ŭngmyŏng chŏnkwŏn taesa; nongŏp t&apos;ongsang taesa; emeritus prof., Pusan Taehakkyo &amp; Chŏnnam Taehakkyo; h. Unong)</subfield>
  </datafield>
  <datafield tag="670" ind1=" " ind2=" ">
    <subfield code="a">OCLC #15412668, January 4, 2020</subfield>
    <subfield code="b">(access point: 崔 洋夫 = 최 양부 = Ch&apos;oe, Yang-bu; usage: 崔 洋夫 = 최 양부 = Ch&apos;oe Yang-bu)</subfield>
  </datafield>
  <datafield tag="953" ind1=" " ind2=" ">
    <subfield code="a">bl21</subfield>
  </datafield>
</record>