
<record>
  <leader>00746cz  a2200205n  4500</leader>
  <controlfield tag="001">1419677</controlfield>
  <controlfield tag="003">DLC</controlfield>
  <controlfield tag="005">20200105123121.0</controlfield>
  <controlfield tag="008">790209n| azannaabn          |n aaa      </controlfield>
  <datafield tag="010" ind1=" " ind2=" ">
    <subfield code="a">n  79012729 </subfield>
  </datafield>
  <datafield tag="035" ind1=" " ind2=" ">
    <subfield code="a">(OCoLC)oca00246772</subfield>
  </datafield>
  <datafield tag="040" ind1=" " ind2=" ">
    <subfield code="a">DLC</subfield>
    <subfield code="b">eng</subfield>
    <subfield code="c">DLC</subfield>
    <subfield code="d">DLC</subfield>
    <subfield code="e">rda</subfield>
    <subfield code="d">MdRoLAC</subfield>
  </datafield>
  <datafield tag="046" ind1=" " ind2=" ">
    <subfield code="f">1949-10-21</subfield>
    <subfield code="2">edtf</subfield>
  </datafield>
  <datafield tag="100" ind1="1" ind2=" ">
    <subfield code="a">Rosenberg, Roberta</subfield>
  </datafield>
  <datafield tag="373" ind1=" " ind2=" ">
    <subfield code="a">Christopher Newport University</subfield>
    <subfield code="2">naf</subfield>
  </datafield>
  <datafield tag="375" ind1=" " ind2=" ">
    <subfield code="a">Females</subfield>
    <subfield code="2">lcdgt</subfield>
  </datafield>
  <datafield tag="670" ind1=" " ind2=" ">
    <subfield code="a">Irving, W. Wolfert&apos;s Roost, 1979 (a.e.)</subfield>
    <subfield code="b">t.p. (Roberta Rosenberg)</subfield>
  </datafield>
  <datafield tag="670" ind1=" " ind2=" ">
    <subfield code="a">Her The language of power, 1996:</subfield>
    <subfield code="b">CIP t.p. (Roberta Rosenberg) author info. (b. 10-21-49; Christopher Newport Univ.)</subfield>
  </datafield>
  <datafield tag="670" ind1=" " ind2=" ">
    <subfield code="a">Teaching Jewish American literature, 2020:</subfield>
    <subfield code="b">eCIP title page (Roberta Rosenberg)</subfield>
  </datafield>
  <datafield tag="953" ind1=" " ind2=" ">
    <subfield code="a">bd01</subfield>
    <subfield code="b">lk09</subfield>
  </datafield>
</record>