
<record>
  <leader>02060cz  a2200385n  4500</leader>
  <controlfield tag="001">1483726</controlfield>
  <controlfield tag="003">DLC</controlfield>
  <controlfield tag="005">20200105123125.0</controlfield>
  <controlfield tag="008">840209n| azannaabn          |b aaa      </controlfield>
  <datafield tag="010" ind1=" " ind2=" ">
    <subfield code="a">n  82245849 </subfield>
    <subfield code="z">n  82018911 </subfield>
  </datafield>
  <datafield tag="035" ind1=" " ind2=" ">
    <subfield code="a">(OCoLC)oca00890270</subfield>
  </datafield>
  <datafield tag="040" ind1=" " ind2=" ">
    <subfield code="a">DLC</subfield>
    <subfield code="b">eng</subfield>
    <subfield code="e">rda</subfield>
    <subfield code="c">DLC</subfield>
    <subfield code="d">DLC</subfield>
    <subfield code="d">DLC-R</subfield>
    <subfield code="d">WaU</subfield>
    <subfield code="d">OCoLC</subfield>
    <subfield code="d">DLC</subfield>
    <subfield code="d">HU</subfield>
  </datafield>
  <datafield tag="046" ind1=" " ind2=" ">
    <subfield code="f">1942</subfield>
    <subfield code="2">edtf</subfield>
  </datafield>
  <datafield tag="053" ind1=" " ind2="0">
    <subfield code="a">PL992.18.U538</subfield>
  </datafield>
  <datafield tag="100" ind1="1" ind2=" ">
    <subfield code="a">Ch&apos;oe, Un-sik,</subfield>
    <subfield code="d">1942-</subfield>
  </datafield>
  <datafield tag="372" ind1=" " ind2=" ">
    <subfield code="a">Korean literature</subfield>
    <subfield code="2">lcsh</subfield>
  </datafield>
  <datafield tag="373" ind1=" " ind2=" ">
    <subfield code="a">Han&apos;guk Kyowŏn Taehakkyo</subfield>
    <subfield code="2">naf</subfield>
  </datafield>
  <datafield tag="374" ind1=" " ind2=" ">
    <subfield code="a">College teachers</subfield>
    <subfield code="a">Essayists</subfield>
    <subfield code="2">lcsh</subfield>
  </datafield>
  <datafield tag="400" ind1="1" ind2=" ">
    <subfield code="a">Choi, Woon-shick,</subfield>
    <subfield code="d">1942-</subfield>
  </datafield>
  <datafield tag="400" ind1="1" ind2=" ">
    <subfield code="a">Choi, Woon-shik,</subfield>
    <subfield code="d">1942-</subfield>
  </datafield>
  <datafield tag="400" ind1="1" ind2=" ">
    <subfield code="a">Ch&apos;oe, Ŭijae,</subfield>
    <subfield code="d">1942-</subfield>
  </datafield>
  <datafield tag="400" ind1="0" ind2=" ">
    <subfield code="a">Ŭijae,</subfield>
    <subfield code="d">1942-</subfield>
  </datafield>
  <datafield tag="400" ind1="1" ind2=" ">
    <subfield code="a">Choi, Woun Sik,</subfield>
    <subfield code="d">1942-</subfield>
  </datafield>
  <datafield tag="400" ind1="1" ind2=" ">
    <subfield code="a">崔 雲植,</subfield>
    <subfield code="d">1942-</subfield>
  </datafield>
  <datafield tag="400" ind1="1" ind2=" ">
    <subfield code="a">최 운식,</subfield>
    <subfield code="d">1942-</subfield>
  </datafield>
  <datafield tag="667" ind1=" " ind2=" ">
    <subfield code="a">Machine-derived non-Latin script reference project.</subfield>
  </datafield>
  <datafield tag="667" ind1=" " ind2=" ">
    <subfield code="a">Non-Latin script references not evaluated.</subfield>
  </datafield>
  <datafield tag="667" ind1=" " ind2=" ">
    <subfield code="a">Non-Latin script references reviewed in NACO CJK Funnel References Project.</subfield>
  </datafield>
  <datafield tag="670" ind1=" " ind2=" ">
    <subfield code="a">Author&apos;s Simch&apos;ŏng chŏn yŏn&apos;gu, 1982:</subfield>
    <subfield code="b">t.p. (Ch&apos;oe Un-sik) colophon (b. 1942) p. 225 (Choi, Woon-shick [in rom.])</subfield>
  </datafield>
  <datafield tag="670" ind1=" " ind2=" ">
    <subfield code="a">His Han&apos;guk ŭi mindam, 1987:</subfield>
    <subfield code="b">t.p. (Ch&apos;oe Un-sik) added t.p. (Choi, Woon-shik [in rom.]; Ph.D.; prof., Korea National Univ. of Edu.)</subfield>
  </datafield>
  <datafield tag="670" ind1=" " ind2=" ">
    <subfield code="a">Paengnyŏngdo, 1997:</subfield>
    <subfield code="b">t.p. (Ch&apos;oe Un-sik) pref. (h. Ŭijae)</subfield>
  </datafield>
  <datafield tag="670" ind1=" " ind2=" ">
    <subfield code="a">Modern Korea, c2002:</subfield>
    <subfield code="b">t.p. (Woun Sik Choi)</subfield>
  </datafield>
  <datafield tag="670" ind1=" " ind2=" ">
    <subfield code="a">Nŭngsohwa ch&apos;ŏrŏm, 2015:</subfield>
    <subfield code="b">t.p. (최 운식 = Ch&apos;oe Un-sik; h. Ŭijae) front flap (b. in Ch&apos;ungnam Hongsŏng; munhak paksa, Sŏnggyun&apos;gwan Taehakkyo Taehagwŏn Kugŏ Kungmun Hakkwa; ex prof., Sŏgyŏng Taehakkyo; emeritus prof., Han&apos;guk Kyowŏn Taehakkyo; hoejang, Han&apos;guk Minsok Hakhoe; sup&apos;ilga; author of &quot;Sim Ch&apos;ŏng chŏn&quot;, &quot;Minsokchŏk in sam ŭi ŭimi&quot;, &quot;Hamkke ttŏnanŭn iyagi yŏhaeng&quot;, etc.)</subfield>
  </datafield>
  <datafield tag="670" ind1=" " ind2=" ">
    <subfield code="a">OCLC #20724428, January 4, 2020$b(access point: 崔 雲植,1942- = 최 운식, 1942- = Ch&apos;oe, Un-sik, 1942-; usage: 崔 雲植 = 최 운식 = Ch&apos;oe Un-sik)</subfield>
  </datafield>
  <datafield tag="953" ind1=" " ind2=" ">
    <subfield code="a">bl16</subfield>
  </datafield>
</record>