
<record>
  <leader>01224cz  a2200265n  4500</leader>
  <controlfield tag="001">1519160</controlfield>
  <controlfield tag="003">DLC</controlfield>
  <controlfield tag="005">20200105123133.0</controlfield>
  <controlfield tag="008">850114n| azannaabn          |b aaa      </controlfield>
  <datafield tag="010" ind1=" " ind2=" ">
    <subfield code="a">n  84215789 </subfield>
  </datafield>
  <datafield tag="035" ind1=" " ind2=" ">
    <subfield code="a">(OCoLC)oca01640285</subfield>
  </datafield>
  <datafield tag="040" ind1=" " ind2=" ">
    <subfield code="a">DLC</subfield>
    <subfield code="b">eng</subfield>
    <subfield code="e">rda</subfield>
    <subfield code="c">DLC</subfield>
    <subfield code="d">DLC</subfield>
    <subfield code="d">OCoLC</subfield>
    <subfield code="d">DLC</subfield>
    <subfield code="d">HU</subfield>
  </datafield>
  <datafield tag="046" ind1=" " ind2=" ">
    <subfield code="f">1821-03-01</subfield>
    <subfield code="g">1861-06-10</subfield>
    <subfield code="2">edtf</subfield>
  </datafield>
  <datafield tag="100" ind1="1" ind2=" ">
    <subfield code="a">Ch&apos;oe, Yang-ŏp,</subfield>
    <subfield code="d">1821-1861</subfield>
  </datafield>
  <datafield tag="400" ind1="1" ind2=" ">
    <subfield code="a">Ch&apos;oe, To-ma,</subfield>
    <subfield code="d">1821-1861</subfield>
  </datafield>
  <datafield tag="400" ind1="1" ind2=" ">
    <subfield code="a">Ch&apos;oe, Yang-ŏp T&apos;omasŭ,</subfield>
    <subfield code="d">1821-1861</subfield>
  </datafield>
  <datafield tag="400" ind1="1" ind2=" ">
    <subfield code="a">Ch&apos;oe, Chŏng-gu,</subfield>
    <subfield code="d">1821-1861</subfield>
  </datafield>
  <datafield tag="400" ind1="1" ind2=" ">
    <subfield code="a">崔 良業,</subfield>
    <subfield code="d">1821-1861</subfield>
  </datafield>
  <datafield tag="400" ind1="1" ind2=" ">
    <subfield code="a">최 양업,</subfield>
    <subfield code="d">1821-1861</subfield>
  </datafield>
  <datafield tag="667" ind1=" " ind2=" ">
    <subfield code="a">Machine-derived non-Latin script reference project.</subfield>
  </datafield>
  <datafield tag="667" ind1=" " ind2=" ">
    <subfield code="a">Non-Latin script references not evaluated.</subfield>
  </datafield>
  <datafield tag="667" ind1=" " ind2=" ">
    <subfield code="a">Non-Latin script references reviewed in NACO CJK Funnel References Project.</subfield>
  </datafield>
  <datafield tag="670" ind1=" " ind2=" ">
    <subfield code="a">Kim, O.H. Ch&apos;oe Yang-ŏp Sinbu wa kyouch&apos;on, 1983:</subfield>
    <subfield code="b">t.p. (Ch&apos;oe Yang-ŏp) p. iii, etc. (b. 3-1, 1821; d. 6-10-1861; variant: Ch&apos;oe To-ma; Ch&apos;oe Yang-ŏp T&apos;omasŭ; original name: Ch&apos;oe Chŏng-gu)</subfield>
  </datafield>
  <datafield tag="670" ind1=" " ind2=" ">
    <subfield code="a">OCLC  #15410824, January 4, 2020</subfield>
    <subfield code="b">(access point: 崔 良業, 1821-1861 = 최 양업, 1821-1861 = Ch&apos;oe, Yang-ŏp, 1821-1861; usage: 崔 良業 = 최 양업 =  Ch&apos;oe, Yang-ŏp)</subfield>
  </datafield>
  <datafield tag="953" ind1=" " ind2=" ">
    <subfield code="a">bl21</subfield>
  </datafield>
</record>