
<record>
  <leader>00912cz  a2200205n  4500</leader>
  <controlfield tag="001">1538693</controlfield>
  <controlfield tag="003">DLC</controlfield>
  <controlfield tag="005">20200105123121.0</controlfield>
  <controlfield tag="008">850828n| azannaabn          |a aaa      </controlfield>
  <datafield tag="010" ind1=" " ind2=" ">
    <subfield code="a">n  85177259 </subfield>
  </datafield>
  <datafield tag="035" ind1=" " ind2=" ">
    <subfield code="a">(OCoLC)oca01423805</subfield>
  </datafield>
  <datafield tag="040" ind1=" " ind2=" ">
    <subfield code="a">DLC</subfield>
    <subfield code="b">eng</subfield>
    <subfield code="c">DLC</subfield>
    <subfield code="d">DLC</subfield>
    <subfield code="d">NcU</subfield>
    <subfield code="e">rda</subfield>
    <subfield code="d">DLC</subfield>
    <subfield code="d">MdRoLAC</subfield>
  </datafield>
  <datafield tag="046" ind1=" " ind2=" ">
    <subfield code="f">1941</subfield>
    <subfield code="2">edtf</subfield>
  </datafield>
  <datafield tag="100" ind1="1" ind2=" ">
    <subfield code="a">Greco, M.</subfield>
  </datafield>
  <datafield tag="372" ind1=" " ind2=" ">
    <subfield code="a">Physics</subfield>
    <subfield code="2">lcsh</subfield>
  </datafield>
  <datafield tag="500" ind1="1" ind2=" ">
    <subfield code="a">Greco, Mario</subfield>
  </datafield>
  <datafield tag="670" ind1=" " ind2=" ">
    <subfield code="a">Topical Worksh. on Proton-Antiproton Collider Physics (5th : 1985 : Saint-Vincent, Italy). 5th Topical Worksh. on Proton-Antiproton ... 1985:</subfield>
    <subfield code="b">CIP t.p. (M. Greco)</subfield>
  </datafield>
  <datafield tag="670" ind1=" " ind2=" ">
    <subfield code="a">Recontres de physique de la Vallée d&apos;Aoste (1989 : La Thuile, Italy). Les Recontres de physique ... c1989:</subfield>
    <subfield code="b">t.p. (M. Greco) foreword (Mario Greco)</subfield>
  </datafield>
  <datafield tag="670" ind1=" " ind2=" ">
    <subfield code="a">Coherent states in gauge theories and applications in collider physics, 2020:</subfield>
    <subfield code="b">eCIP title page (editor, Mario Greco) data view (birth year: 1941)</subfield>
  </datafield>
  <datafield tag="953" ind1=" " ind2=" ">
    <subfield code="a">bg98</subfield>
    <subfield code="b">ta03</subfield>
  </datafield>
</record>