
<record>
  <leader>01984cz  a2200313n  4500</leader>
  <controlfield tag="001">1675401</controlfield>
  <controlfield tag="003">DLC</controlfield>
  <controlfield tag="005">20200105123116.0</controlfield>
  <controlfield tag="008">910524n| azannaabn          |a aaa      </controlfield>
  <datafield tag="010" ind1=" " ind2=" ">
    <subfield code="a">n  91051959 </subfield>
    <subfield code="z">n  92116945 </subfield>
  </datafield>
  <datafield tag="035" ind1=" " ind2=" ">
    <subfield code="a">(OCoLC)oca02954222</subfield>
  </datafield>
  <datafield tag="040" ind1=" " ind2=" ">
    <subfield code="a">DLC</subfield>
    <subfield code="b">eng</subfield>
    <subfield code="c">DLC</subfield>
    <subfield code="d">DLC</subfield>
    <subfield code="e">rda</subfield>
    <subfield code="d">MdRoLAC</subfield>
  </datafield>
  <datafield tag="046" ind1=" " ind2=" ">
    <subfield code="f">1950-10-22</subfield>
    <subfield code="2">edtf</subfield>
  </datafield>
  <datafield tag="100" ind1="1" ind2=" ">
    <subfield code="a">Nepomni︠a︡shchiĭ, A. A.</subfield>
    <subfield code="q">(Aleksandr Abovich)</subfield>
  </datafield>
  <datafield tag="371" ind1=" " ind2=" ">
    <subfield code="m">nepom@math.technion.ac.il</subfield>
  </datafield>
  <datafield tag="372" ind1=" " ind2=" ">
    <subfield code="a">Mathematics</subfield>
    <subfield code="2">lcsh</subfield>
  </datafield>
  <datafield tag="373" ind1=" " ind2=" ">
    <subfield code="a">Ṭekhniyon, Makhon ṭekhnologi le-Yiśraʼel</subfield>
    <subfield code="2">naf</subfield>
  </datafield>
  <datafield tag="374" ind1=" " ind2=" ">
    <subfield code="a">College teachers</subfield>
    <subfield code="2">lcsh</subfield>
  </datafield>
  <datafield tag="400" ind1="1" ind2=" ">
    <subfield code="a">Nepomni︠a︡shchiĭ, Aleksandr Abovich</subfield>
  </datafield>
  <datafield tag="400" ind1="1" ind2=" ">
    <subfield code="a">Nepomnjashchy, A. A.</subfield>
  </datafield>
  <datafield tag="400" ind1="1" ind2=" ">
    <subfield code="a">Nepomnyashchy, Alexandre A.</subfield>
  </datafield>
  <datafield tag="400" ind1="1" ind2=" ">
    <subfield code="a">Nepomnyashchy, Alexander A.</subfield>
  </datafield>
  <datafield tag="400" ind1="1" ind2=" ">
    <subfield code="a">Nepomnyashchy, A.</subfield>
    <subfield code="q">(Alexander)</subfield>
  </datafield>
  <datafield tag="670" ind1=" " ind2=" ">
    <subfield code="a">Gershuni, G.Z. Ustoĭchivostʹ konvektivnykh techeniĭ, 1989:</subfield>
    <subfield code="b">t.p. (A.A. Nepomni︠a︡shchiĭ) colophon (Nepomni︠a︡shchiĭ Aleksandr Abovich) p. 319 (A.A. Nepomnjashchy [in rom.])</subfield>
  </datafield>
  <datafield tag="670" ind1=" " ind2=" ">
    <subfield code="a">Simanovskii, I.B. Convective instabilities in systems with interface, c1993:</subfield>
    <subfield code="b">CIP t.p. (A.A. Nepomnyaschy) data sheet (Nepomnyashchy, A.A., professor; b. 22 Oct. 1950) bk. t.p. (Alexandre A. Nepomnyashchy; Israel Inst. of Tech., Haifa)</subfield>
  </datafield>
  <datafield tag="670" ind1=" " ind2=" ">
    <subfield code="a">Interfacial phenomena and convection, 2001:</subfield>
    <subfield code="b">CIP t.p. (Alexander A. Nepomnyashchy; Technion, Haifa, Israel)</subfield>
  </datafield>
  <datafield tag="670" ind1=" " ind2=" ">
    <subfield code="a">Interfacial convection in multilayer systems, 2006:</subfield>
    <subfield code="b">t.p. (A. Nepomnyashchy) t.p. verso (e-mail: nepom@math.technion.ac.il)</subfield>
  </datafield>
  <datafield tag="670" ind1=" " ind2=" ">
    <subfield code="a">Webpage for the book, Partial Differential Equations: Analytical Methods and Applications, viewed 4 January 2019:</subfield>
    <subfield code="b">(Alexander Nepomnyashchy is a mathematics professor at Northwestern University and hails from the Faculty of Mathematics at Technion-Israel Institute of Technology. His...)</subfield>
    <subfield code="u">https://www.crcpress.com/Partial-Differential-Equations-Analytical-Methods-and-Applications/Henner-Belozerova-Nepomnyashchy/p/book/9781138339835</subfield>
  </datafield>
  <datafield tag="953" ind1=" " ind2=" ">
    <subfield code="a">ee41</subfield>
    <subfield code="b">jp43</subfield>
  </datafield>
</record>