
<record>
  <leader>01256cz  a2200265n  4500</leader>
  <controlfield tag="001">1715160</controlfield>
  <controlfield tag="003">DLC</controlfield>
  <controlfield tag="005">20200105123137.0</controlfield>
  <controlfield tag="008">930615n| azannaabn          |a aaa      </controlfield>
  <datafield tag="010" ind1=" " ind2=" ">
    <subfield code="a">n  93056569 </subfield>
  </datafield>
  <datafield tag="035" ind1=" " ind2=" ">
    <subfield code="a">(OCoLC)oca03391083</subfield>
  </datafield>
  <datafield tag="040" ind1=" " ind2=" ">
    <subfield code="a">DLC</subfield>
    <subfield code="b">eng</subfield>
    <subfield code="e">rda</subfield>
    <subfield code="c">DLC</subfield>
    <subfield code="d">NNFr</subfield>
  </datafield>
  <datafield tag="046" ind1=" " ind2=" ">
    <subfield code="f">1840-06-10</subfield>
    <subfield code="2">edtf</subfield>
    <subfield code="v">Med solen i øjnene, ©1992</subfield>
  </datafield>
  <datafield tag="046" ind1=" " ind2=" ">
    <subfield code="f">1840-04-10</subfield>
    <subfield code="g">1920-03-03</subfield>
    <subfield code="2">edtf</subfield>
    <subfield code="v">Dan. biogr. leks., 1979</subfield>
  </datafield>
  <datafield tag="100" ind1="1" ind2=" ">
    <subfield code="a">Philipsen, Theodor,</subfield>
    <subfield code="d">1840-1920</subfield>
  </datafield>
  <datafield tag="370" ind1=" " ind2=" ">
    <subfield code="a">Copenhagen (Denmark)</subfield>
    <subfield code="b">Copenhagen (Denmark)</subfield>
    <subfield code="c">Denmark</subfield>
    <subfield code="2">naf</subfield>
  </datafield>
  <datafield tag="372" ind1=" " ind2=" ">
    <subfield code="a">Painting</subfield>
    <subfield code="a">Sculpture</subfield>
    <subfield code="a">Ceramics</subfield>
    <subfield code="2">lcsh</subfield>
  </datafield>
  <datafield tag="374" ind1=" " ind2=" ">
    <subfield code="a">Painters</subfield>
    <subfield code="a">Sculptors</subfield>
    <subfield code="a">Potters</subfield>
    <subfield code="2">lcdgt</subfield>
  </datafield>
  <datafield tag="375" ind1=" " ind2=" ">
    <subfield code="a">Males</subfield>
    <subfield code="2">lcdgt</subfield>
  </datafield>
  <datafield tag="400" ind1="1" ind2=" ">
    <subfield code="a">Philipsen, Theodor Esbern,</subfield>
    <subfield code="d">1840-1920</subfield>
  </datafield>
  <datafield tag="670" ind1=" " ind2=" ">
    <subfield code="a">Med solen i øjnene, c1992:</subfield>
    <subfield code="b">t.p. (Theodor Philipsen) p. 12 (b. 06-10-1840)</subfield>
  </datafield>
  <datafield tag="670" ind1=" " ind2=" ">
    <subfield code="a">Dan. biogr. leks., 1979</subfield>
    <subfield code="b">(Philipsen, Theodor (Esben); b. 04-10-1840, d. 03-03-1920)</subfield>
  </datafield>
  <datafield tag="670" ind1=" " ind2=" ">
    <subfield code="a">Mønsted Pedersen, Klaus, 2018:</subfield>
    <subfield code="b">page 7 (Theodor Philipsen, painter)  page 36 (born 10 June 1840 in Copenhagen)</subfield>
  </datafield>
  <datafield tag="670" ind1=" " ind2=" ">
    <subfield code="a">Allgemeines Künstlerlexikon via WWW, 3 January 2020</subfield>
    <subfield code="b">(heading: Philipsen, Theodor; Philipsen, Theodor Esbern; born 10 June 1840 in Copenhagen; died 3 March 1920, Copenhagen; male; painter, sculptor, ceramist)</subfield>
  </datafield>
  <datafield tag="953" ind1=" " ind2=" ">
    <subfield code="a">ld04</subfield>
  </datafield>
</record>