
<record>
  <leader>01609cz  a2200337n  4500</leader>
  <controlfield tag="001">1923855</controlfield>
  <controlfield tag="003">DLC</controlfield>
  <controlfield tag="005">20200105123124.0</controlfield>
  <controlfield tag="008">811014n| azannaabn          |b aaa      </controlfield>
  <datafield tag="010" ind1=" " ind2=" ">
    <subfield code="a">n  81092191 </subfield>
  </datafield>
  <datafield tag="035" ind1=" " ind2=" ">
    <subfield code="a">(OCoLC)oca00637379</subfield>
  </datafield>
  <datafield tag="040" ind1=" " ind2=" ">
    <subfield code="a">DLC</subfield>
    <subfield code="b">eng</subfield>
    <subfield code="c">DLC</subfield>
    <subfield code="d">DLC</subfield>
    <subfield code="d">OCoLC</subfield>
    <subfield code="d">CaLaUCEA</subfield>
    <subfield code="e">rda</subfield>
    <subfield code="d">InU</subfield>
    <subfield code="d">HU</subfield>
  </datafield>
  <datafield tag="046" ind1=" " ind2=" ">
    <subfield code="f">1926</subfield>
    <subfield code="2">edtf</subfield>
  </datafield>
  <datafield tag="100" ind1="1" ind2=" ">
    <subfield code="a">Ch&apos;oe, Yŏng-hŭi</subfield>
  </datafield>
  <datafield tag="400" ind1="1" ind2=" ">
    <subfield code="a">Ch&apos;oe, Young-Hee</subfield>
  </datafield>
  <datafield tag="400" ind1="1" ind2=" ">
    <subfield code="a">Ts&apos;ui, Yung-hsi</subfield>
  </datafield>
  <datafield tag="400" ind1="1" ind2=" ">
    <subfield code="a">崔永禧</subfield>
  </datafield>
  <datafield tag="400" ind1="1" ind2=" ">
    <subfield code="a">崔 永禧</subfield>
  </datafield>
  <datafield tag="400" ind1="1" ind2=" ">
    <subfield code="a">최 영희</subfield>
  </datafield>
  <datafield tag="400" ind1="1" ind2=" ">
    <subfield code="a">최영희</subfield>
  </datafield>
  <datafield tag="667" ind1=" " ind2=" ">
    <subfield code="a">Machine-derived non-Latin script reference project.</subfield>
  </datafield>
  <datafield tag="667" ind1=" " ind2=" ">
    <subfield code="a">Non-Latin script references not evaluated</subfield>
  </datafield>
  <datafield tag="667" ind1=" " ind2=" ">
    <subfield code="a">Non-Latin script references reviewed in NACO CJK Funnel References Project.</subfield>
  </datafield>
  <datafield tag="670" ind1=" " ind2=" ">
    <subfield code="a">Ch&apos;ŏngsa myŏngin pirok, 1968-</subfield>
  </datafield>
  <datafield tag="670" ind1=" " ind2=" ">
    <subfield code="a">Han&apos;guk torosa, 1981:</subfield>
    <subfield code="b">colophon (Ch&apos;oe Yŏng-hŭi; head of members, Kuksa P&apos;yŏnch&apos;an Wiwŏnhoe)</subfield>
  </datafield>
  <datafield tag="670" ind1=" " ind2=" ">
    <subfield code="a">His Han&apos;guksa kihaeng, 1987:</subfield>
    <subfield code="b">t.p. (Ch&apos;oe Yŏng-hŭi) colophon (b. 1926 in P&apos;yŏngyang; grad., Koryŏ Taehakkyo Sahakkwa; prof., Haegun Sagwan Hakkyo, Sungsil Taehakkyo)</subfield>
  </datafield>
  <datafield tag="670" ind1=" " ind2=" ">
    <subfield code="a">His Yŏju Maeryong-ni Yongganggol kobun&apos;gun ... 1988:</subfield>
    <subfield code="b">t.p. (Ch&apos;oe Yŏng-hŭi) pref. (Head, Hallim Taehak Pangmulgwan)</subfield>
  </datafield>
  <datafield tag="670" ind1=" " ind2=" ">
    <subfield code="a">Han k&apos;o shih ts&apos;un, 1996:</subfield>
    <subfield code="b">t.p. (Ch&apos;oe Yŏng-hŭi, [Chinese reading: Ts&apos;ui Yung-hsi]; Han-kuo Ch&apos;un-ch&apos;uan Han lin ta hsüeh Ya-hsi-ya wen hua yen chiu so)</subfield>
  </datafield>
  <datafield tag="670" ind1=" " ind2=" ">
    <subfield code="a">OCLC #20263606, January 4, 2020</subfield>
    <subfield code="b">(access point: 崔 永禧 = 최 영희 = Ch&apos;oe, Yŏng-hŭi; usage: 崔 永禧 = 최 영희 = Ch&apos;oe Yŏng-hŭi)</subfield>
  </datafield>
  <datafield tag="952" ind1=" " ind2=" ">
    <subfield code="a">RETRO</subfield>
  </datafield>
  <datafield tag="953" ind1=" " ind2=" ">
    <subfield code="a">xx00</subfield>
    <subfield code="b">bl10</subfield>
  </datafield>
</record>