
<record>
  <leader>00970cz  a2200253n  4500</leader>
  <controlfield tag="001">1951526</controlfield>
  <controlfield tag="003">DLC</controlfield>
  <controlfield tag="005">20200105123125.0</controlfield>
  <controlfield tag="008">830706n| azannaabn          |a aaa      </controlfield>
  <datafield tag="010" ind1=" " ind2=" ">
    <subfield code="a">n  83003231 </subfield>
  </datafield>
  <datafield tag="035" ind1=" " ind2=" ">
    <subfield code="a">(OCoLC)oca00899671</subfield>
  </datafield>
  <datafield tag="040" ind1=" " ind2=" ">
    <subfield code="a">DLC</subfield>
    <subfield code="b">eng</subfield>
    <subfield code="c">DLC</subfield>
    <subfield code="d">OCl</subfield>
    <subfield code="e">rda</subfield>
    <subfield code="d">MdRoLAC</subfield>
  </datafield>
  <datafield tag="046" ind1=" " ind2=" ">
    <subfield code="f">1917</subfield>
    <subfield code="g">1997-08-23</subfield>
    <subfield code="2">edtf</subfield>
  </datafield>
  <datafield tag="100" ind1="1" ind2=" ">
    <subfield code="a">Kendrew, John C.</subfield>
    <subfield code="q">(John Cowdery),</subfield>
    <subfield code="d">1917-1997</subfield>
  </datafield>
  <datafield tag="372" ind1=" " ind2=" ">
    <subfield code="a">Biochemistry</subfield>
    <subfield code="a">Chemistry</subfield>
    <subfield code="2">lcsh</subfield>
  </datafield>
  <datafield tag="375" ind1=" " ind2=" ">
    <subfield code="a">Males</subfield>
    <subfield code="2">lcdgt</subfield>
  </datafield>
  <datafield tag="400" ind1="1" ind2=" ">
    <subfield code="w">nnaa</subfield>
    <subfield code="a">Kendrew, John Cowdery,</subfield>
    <subfield code="d">1917-</subfield>
  </datafield>
  <datafield tag="400" ind1="1" ind2=" ">
    <subfield code="a">Kendrew, John,</subfield>
    <subfield code="d">1917-</subfield>
  </datafield>
  <datafield tag="400" ind1="1" ind2=" ">
    <subfield code="a">Kendrew, J. C.</subfield>
    <subfield code="q">(John Cowdery),</subfield>
    <subfield code="d">1917-</subfield>
  </datafield>
  <datafield tag="670" ind1=" " ind2=" ">
    <subfield code="a">Haemoglobin ... 1949.</subfield>
  </datafield>
  <datafield tag="670" ind1=" " ind2=" ">
    <subfield code="a">Boehringer Ingelheim Symposium (4th : 1982 : Kronberg im Taunus, Germany). Priorities in research, 1983:</subfield>
    <subfield code="b">CIP t.p. (Sir John Kendrew, FRS)</subfield>
  </datafield>
  <datafield tag="670" ind1=" " ind2=" ">
    <subfield code="a">New York times, Aug. 30, 1997:</subfield>
    <subfield code="b">obituaries (John C. Kendrew dies at 80; biochemist won Nobel in &apos;62; d. Aug. 23, 1997 in Cambridge, England)</subfield>
  </datafield>
  <datafield tag="952" ind1=" " ind2=" ">
    <subfield code="a">RETRO</subfield>
  </datafield>
  <datafield tag="953" ind1=" " ind2=" ">
    <subfield code="a">xx00</subfield>
  </datafield>
</record>