
<record>
  <leader>01614cz  a2200397n  4500</leader>
  <controlfield tag="001">1969485</controlfield>
  <controlfield tag="003">DLC</controlfield>
  <controlfield tag="005">20200105123134.0</controlfield>
  <controlfield tag="008">840709nc azannaabn          |b aaa      </controlfield>
  <datafield tag="010" ind1=" " ind2=" ">
    <subfield code="a">n  84005151 </subfield>
  </datafield>
  <datafield tag="035" ind1=" " ind2=" ">
    <subfield code="a">(OCoLC)oca01130173</subfield>
  </datafield>
  <datafield tag="040" ind1=" " ind2=" ">
    <subfield code="a">DLC</subfield>
    <subfield code="b">eng</subfield>
    <subfield code="e">rda</subfield>
    <subfield code="c">DLC</subfield>
    <subfield code="d">DLC</subfield>
    <subfield code="d">OCoLC</subfield>
    <subfield code="d">DLC</subfield>
    <subfield code="d">DcWaGWGG</subfield>
  </datafield>
  <datafield tag="046" ind1=" " ind2=" ">
    <subfield code="f">1902</subfield>
    <subfield code="g">1980</subfield>
    <subfield code="2">edtf</subfield>
  </datafield>
  <datafield tag="100" ind1="1" ind2=" ">
    <subfield code="a">Ding, Ning,</subfield>
    <subfield code="d">1902-1980</subfield>
  </datafield>
  <datafield tag="370" ind1=" " ind2=" ">
    <subfield code="a">Zhenjiang Shi (China)</subfield>
    <subfield code="2">naf</subfield>
  </datafield>
  <datafield tag="374" ind1=" " ind2=" ">
    <subfield code="a">Poets</subfield>
    <subfield code="a">Librarians</subfield>
    <subfield code="2">lcsh</subfield>
  </datafield>
  <datafield tag="375" ind1=" " ind2=" ">
    <subfield code="a">Females</subfield>
    <subfield code="2">lcdgt</subfield>
  </datafield>
  <datafield tag="400" ind1="1" ind2=" ">
    <subfield code="w">nne</subfield>
    <subfield code="a">Ding, Ning,</subfield>
    <subfield code="d">-1980</subfield>
  </datafield>
  <datafield tag="400" ind1="1" ind2=" ">
    <subfield code="a">Ding, Huaifeng,</subfield>
    <subfield code="d">-1980</subfield>
  </datafield>
  <datafield tag="400" ind1="1" ind2=" ">
    <subfield code="a">Ting, Huai-feng,</subfield>
    <subfield code="d">-1980</subfield>
  </datafield>
  <datafield tag="400" ind1="1" ind2=" ">
    <subfield code="a">丁怀枫,</subfield>
    <subfield code="d">-1980</subfield>
  </datafield>
  <datafield tag="400" ind1="1" ind2=" ">
    <subfield code="w">nnea</subfield>
    <subfield code="a">Ding, Ning,</subfield>
    <subfield code="d">d. 1980</subfield>
  </datafield>
  <datafield tag="400" ind1="1" ind2=" ">
    <subfield code="w">nnea</subfield>
    <subfield code="a">Ting, Ning,</subfield>
    <subfield code="d">d. 1980</subfield>
  </datafield>
  <datafield tag="400" ind1="1" ind2=" ">
    <subfield code="a">丁宁,</subfield>
    <subfield code="d">-1980</subfield>
  </datafield>
  <datafield tag="400" ind1="1" ind2=" ">
    <subfield code="a">丁寧,</subfield>
    <subfield code="d">-1980</subfield>
  </datafield>
  <datafield tag="400" ind1="0" ind2=" ">
    <subfield code="a">Tanying,</subfield>
    <subfield code="d">-1980</subfield>
  </datafield>
  <datafield tag="400" ind1="0" ind2=" ">
    <subfield code="a">昙影,</subfield>
    <subfield code="d">-1980</subfield>
  </datafield>
  <datafield tag="400" ind1="0" ind2=" ">
    <subfield code="a">Huanxuan,</subfield>
    <subfield code="d">-1980</subfield>
  </datafield>
  <datafield tag="400" ind1="0" ind2=" ">
    <subfield code="a">还轩,</subfield>
    <subfield code="d">-1980</subfield>
  </datafield>
  <datafield tag="667" ind1=" " ind2=" ">
    <subfield code="a">Machine-derived non-Latin script reference project.</subfield>
  </datafield>
  <datafield tag="667" ind1=" " ind2=" ">
    <subfield code="a">Non-Latin script references not evaluated.</subfield>
  </datafield>
  <datafield tag="667" ind1=" " ind2=" ">
    <subfield code="a">Non-Latin script references reviewed in NACO CJK Funnel References Project.</subfield>
  </datafield>
  <datafield tag="670" ind1=" " ind2=" ">
    <subfield code="a">Chʻen, N.C. Shih ming pieh hao so yin, 1982:</subfield>
    <subfield code="b">.p. (Ting Ning) pref. (d. 1980)</subfield>
  </datafield>
  <datafield tag="670" ind1=" " ind2=" ">
    <subfield code="a">Her Huan hsüan tzʻu, 1985:</subfield>
    <subfield code="b">t.p. (Ting Ning) p. 141, etc. (other name Ting Huai-feng; 1902-1980)</subfield>
  </datafield>
  <datafield tag="670" ind1=" " ind2=" ">
    <subfield code="a">Bai du bai ke, Dec. 29, 2019:</subfield>
    <subfield code="b">(丁宁 = Ding Ning; zi [ Countesy name]: 怀枫 = Huaifeng; hao [alias] : 昙影 = Tanying，还轩 = Huanxuan; born 1902 in Jiangsu Zhenjiang; female poet, librarian)</subfield>
    <subfield code="u">https://baike.baidu.com/item/%E4%B8%81%E5%AE%81/7793304</subfield>
  </datafield>
  <datafield tag="953" ind1=" " ind2=" ">
    <subfield code="a">bl08</subfield>
    <subfield code="b">bl22</subfield>
  </datafield>
</record>