
<record>
  <leader>01294cz  a2200241n  4500</leader>
  <controlfield tag="001">2043700</controlfield>
  <controlfield tag="003">DLC</controlfield>
  <controlfield tag="005">20200105123134.0</controlfield>
  <controlfield tag="008">860826n| azannaabn          |a aaa      </controlfield>
  <datafield tag="010" ind1=" " ind2=" ">
    <subfield code="a">n  86848051 </subfield>
  </datafield>
  <datafield tag="035" ind1=" " ind2=" ">
    <subfield code="a">(OCoLC)oca01660129</subfield>
  </datafield>
  <datafield tag="040" ind1=" " ind2=" ">
    <subfield code="a">DLC</subfield>
    <subfield code="b">eng</subfield>
    <subfield code="c">DLC</subfield>
    <subfield code="d">DLC</subfield>
    <subfield code="e">rda</subfield>
    <subfield code="d">MdRoLAC</subfield>
  </datafield>
  <datafield tag="100" ind1="1" ind2=" ">
    <subfield code="a">West, Douglas Brent</subfield>
  </datafield>
  <datafield tag="372" ind1=" " ind2=" ">
    <subfield code="a">Mathematics</subfield>
    <subfield code="2">lcsh</subfield>
  </datafield>
  <datafield tag="373" ind1=" " ind2=" ">
    <subfield code="a">University of Illinois at Urbana-Champaign</subfield>
    <subfield code="a">Zhejiang shi fan da xue</subfield>
    <subfield code="a">Massachusetts Institute of Technology</subfield>
    <subfield code="2">naf</subfield>
  </datafield>
  <datafield tag="375" ind1=" " ind2=" ">
    <subfield code="a">Males</subfield>
    <subfield code="2">lcdgt</subfield>
  </datafield>
  <datafield tag="400" ind1="1" ind2=" ">
    <subfield code="a">West, Douglas B.</subfield>
  </datafield>
  <datafield tag="400" ind1="1" ind2=" ">
    <subfield code="a">West, D. B.</subfield>
    <subfield code="q">(Douglas Brent)</subfield>
  </datafield>
  <datafield tag="670" ind1=" " ind2=" ">
    <subfield code="a">nuc86-76742: His Characterizing extremal configurations, c1978</subfield>
    <subfield code="b">(hdg. on MCM rept.: West, Douglas Brent)</subfield>
  </datafield>
  <datafield tag="670" ind1=" " ind2=" ">
    <subfield code="a">Edelsbrunner, H. Tetrahedrizing point sets in three dimensions, 1986:</subfield>
    <subfield code="b">t.p. (D.B. West) prelim. p. (Coordinated Science Lab. and Dept. of Mathematics, U. of Ill. at Urbana-Champaign)</subfield>
  </datafield>
  <datafield tag="670" ind1=" " ind2=" ">
    <subfield code="a">Introduction to graph theory, 1996:</subfield>
    <subfield code="b">CIP t.p. (Douglas B. West) pref. (Urbana)</subfield>
  </datafield>
  <datafield tag="670" ind1=" " ind2=" ">
    <subfield code="a">50 years of combinatorics, graph theory, and computing, 2020:</subfield>
    <subfield code="b">page xxiv of galley (Douglas B. West received his PhD from MIT in 1978. After retiring from the faculty at the University of Illinois, in 2012 he moved to Zhejiang Normal University under the 1000 Talents Plan)</subfield>
  </datafield>
  <datafield tag="953" ind1=" " ind2=" ">
    <subfield code="a">nf06</subfield>
    <subfield code="b">jd20</subfield>
  </datafield>
</record>