
<record>
  <leader>01420cz  a2200289n  4500</leader>
  <controlfield tag="001">2155013</controlfield>
  <controlfield tag="003">DLC</controlfield>
  <controlfield tag="005">20200105123138.0</controlfield>
  <controlfield tag="008">921007nc azannaabn          |b ana      </controlfield>
  <datafield tag="010" ind1=" " ind2=" ">
    <subfield code="a">no 92024831 </subfield>
  </datafield>
  <datafield tag="035" ind1=" " ind2=" ">
    <subfield code="a">(OCoLC)oca03254652</subfield>
  </datafield>
  <datafield tag="040" ind1=" " ind2=" ">
    <subfield code="a">DLC-S</subfield>
    <subfield code="b">eng</subfield>
    <subfield code="e">rda</subfield>
    <subfield code="c">DLC-S</subfield>
    <subfield code="d">NjP</subfield>
    <subfield code="d">OCoLC</subfield>
    <subfield code="d">InU</subfield>
  </datafield>
  <datafield tag="110" ind1="2" ind2=" ">
    <subfield code="a">Zhong yang yan jiu yuan.</subfield>
    <subfield code="b">Zhongguo wen zhe yan jiu suo</subfield>
  </datafield>
  <datafield tag="410" ind1="2" ind2=" ">
    <subfield code="a">Zhong yang yan jiu yuan.</subfield>
    <subfield code="b">Zhong guo wen zhe yan jiu suo</subfield>
  </datafield>
  <datafield tag="410" ind1="2" ind2=" ">
    <subfield code="a">Zhong yang yan jiu yuan.</subfield>
    <subfield code="b">Institute of Chinese Literature and Philosophy</subfield>
  </datafield>
  <datafield tag="410" ind1="2" ind2=" ">
    <subfield code="a">Zhong yang yan jiu yuan Zhongguo wen zhe yan jiu suo</subfield>
  </datafield>
  <datafield tag="410" ind1="2" ind2=" ">
    <subfield code="a">Institute of Chinese Literature and Philosophy (Zhong yang yan jiu yuan)</subfield>
  </datafield>
  <datafield tag="410" ind1="2" ind2=" ">
    <subfield code="a">Zhongguo wen zhe yan jiu suo (Zhong yang yan jiu yuan)</subfield>
  </datafield>
  <datafield tag="410" ind1="2" ind2=" ">
    <subfield code="w">nnea</subfield>
    <subfield code="a">Chung yang yen chiu yüan.</subfield>
    <subfield code="b">Chung-kuo wen che yen chiu so</subfield>
  </datafield>
  <datafield tag="410" ind1="2" ind2=" ">
    <subfield code="a">中央研究院.</subfield>
    <subfield code="b">中国文哲研究所</subfield>
  </datafield>
  <datafield tag="410" ind1="2" ind2=" ">
    <subfield code="a">中央研究院.</subfield>
    <subfield code="b">中國文哲研究所</subfield>
  </datafield>
  <datafield tag="410" ind1="2" ind2=" ">
    <subfield code="a">中央硏究院.</subfield>
    <subfield code="b">中國文哲硏究所</subfield>
  </datafield>
  <datafield tag="667" ind1=" " ind2=" ">
    <subfield code="a">Machine-derived non-Latin script reference project.</subfield>
  </datafield>
  <datafield tag="667" ind1=" " ind2=" ">
    <subfield code="a">Non-Latin script references not evaluated.</subfield>
  </datafield>
  <datafield tag="670" ind1=" " ind2=" ">
    <subfield code="a">Chung-kuo wen che yen chiu chi kʻan, Chʻuang kʻan hao (1991):</subfield>
    <subfield code="b">t.p. (Chung yang yen chiu yüan Chung-kuo wen che yen chiu so) cover p. 4 (Institute of Chinese Literature and Philosophy, Academia Sinica) p. 1, 2nd group (Chung-kuo wen che yen chiu so)</subfield>
  </datafield>
  <datafield tag="953" ind1=" " ind2=" ">
    <subfield code="a">xx00</subfield>
  </datafield>
  <datafield tag="985" ind1=" " ind2=" ">
    <subfield code="c">OCLC</subfield>
    <subfield code="e">LSPC</subfield>
  </datafield>
</record>