
<record>
  <leader>01036cz  a2200265n  4500</leader>
  <controlfield tag="001">2745183</controlfield>
  <controlfield tag="003">DLC</controlfield>
  <controlfield tag="005">20200105123137.0</controlfield>
  <controlfield tag="008">971027n| azannaabn           n aad     c</controlfield>
  <datafield tag="010" ind1=" " ind2=" ">
    <subfield code="a">n  97845917 </subfield>
  </datafield>
  <datafield tag="035" ind1=" " ind2=" ">
    <subfield code="a">(NN-PD)NN 301396190</subfield>
  </datafield>
  <datafield tag="035" ind1=" " ind2=" ">
    <subfield code="a">(OCoLC)oca04486753</subfield>
  </datafield>
  <datafield tag="040" ind1=" " ind2=" ">
    <subfield code="a">NN-PD</subfield>
    <subfield code="b">eng</subfield>
    <subfield code="c">NN-PD</subfield>
    <subfield code="d">MH-FA</subfield>
    <subfield code="e">rda</subfield>
    <subfield code="d">MdRoLAC</subfield>
  </datafield>
  <datafield tag="046" ind1=" " ind2=" ">
    <subfield code="f">1965</subfield>
    <subfield code="2">edtf</subfield>
  </datafield>
  <datafield tag="100" ind1="1" ind2=" ">
    <subfield code="a">Platel, Alain</subfield>
  </datafield>
  <datafield tag="370" ind1=" " ind2=" ">
    <subfield code="f">Belgium</subfield>
    <subfield code="2">naf</subfield>
  </datafield>
  <datafield tag="372" ind1=" " ind2=" ">
    <subfield code="a">Dance</subfield>
    <subfield code="a">Ballet</subfield>
    <subfield code="2">lcsh</subfield>
  </datafield>
  <datafield tag="374" ind1=" " ind2=" ">
    <subfield code="a">Choreographers</subfield>
    <subfield code="2">lcsh</subfield>
  </datafield>
  <datafield tag="667" ind1=" " ind2=" ">
    <subfield code="a">Choreographer.</subfield>
  </datafield>
  <datafield tag="667" ind1=" " ind2=" ">
    <subfield code="a">Data contributed by the Dance Heritage Coalition for the New York Public Library Dance Collection.</subfield>
  </datafield>
  <datafield tag="670" ind1=" " ind2=" ">
    <subfield code="a">*MGZA 83-696 Ballett international. v. 11, no. 8/9, Aug.-Sept. 1988, p. 38.</subfield>
  </datafield>
  <datafield tag="670" ind1=" " ind2=" ">
    <subfield code="a">Performance: live art since 1960, 1998:</subfield>
    <subfield code="b">p. 225 (Alain Platel; b. 1956, Belgium)</subfield>
  </datafield>
  <datafield tag="670" ind1=" " ind2=" ">
    <subfield code="a">Wikipedia article, viewed 4 January 2020:</subfield>
    <subfield code="b">(Alain Platel, född 9 april 1959 i Gent, är en belgisk koreograf och teaterregissör)</subfield>
    <subfield code="u">https://sv.wikipedia.org/wiki/Alain_Platel</subfield>
  </datafield>
  <datafield tag="953" ind1=" " ind2=" ">
    <subfield code="a">xx00</subfield>
  </datafield>
  <datafield tag="985" ind1=" " ind2=" ">
    <subfield code="a">DHC</subfield>
    <subfield code="c">BNA</subfield>
    <subfield code="e">TCUB</subfield>
  </datafield>
</record>