
<record>
  <leader>01012cz  a2200205n  4500</leader>
  <controlfield tag="001">2752086</controlfield>
  <controlfield tag="003">DLC</controlfield>
  <controlfield tag="005">20200105123132.0</controlfield>
  <controlfield tag="008">980127n| azannaabn          |n aaa      </controlfield>
  <datafield tag="010" ind1=" " ind2=" ">
    <subfield code="a">n  98007937 </subfield>
  </datafield>
  <datafield tag="035" ind1=" " ind2=" ">
    <subfield code="a">(OCoLC)oca04631416</subfield>
  </datafield>
  <datafield tag="040" ind1=" " ind2=" ">
    <subfield code="a">DLC</subfield>
    <subfield code="b">eng</subfield>
    <subfield code="c">DLC</subfield>
    <subfield code="e">rda</subfield>
    <subfield code="d">MdRoLAC</subfield>
  </datafield>
  <datafield tag="046" ind1=" " ind2=" ">
    <subfield code="f">1937-11-10</subfield>
    <subfield code="2">edtf</subfield>
  </datafield>
  <datafield tag="100" ind1="1" ind2=" ">
    <subfield code="a">Hoffman, Frederick,</subfield>
    <subfield code="d">1937-</subfield>
  </datafield>
  <datafield tag="372" ind1=" " ind2=" ">
    <subfield code="a">Mathematics</subfield>
    <subfield code="2">lcsh</subfield>
  </datafield>
  <datafield tag="373" ind1=" " ind2=" ">
    <subfield code="a">Florida Atlantic University</subfield>
    <subfield code="a">University of Virginia</subfield>
    <subfield code="2">naf</subfield>
  </datafield>
  <datafield tag="375" ind1=" " ind2=" ">
    <subfield code="a">Males</subfield>
    <subfield code="2">lcdgt</subfield>
  </datafield>
  <datafield tag="670" ind1=" " ind2=" ">
    <subfield code="a">Mathematical aspects of artifical intelligence, 1998:</subfield>
    <subfield code="b">CIP t.p. (Frederick Hoffman) data sheet (b. 11-10-37)</subfield>
  </datafield>
  <datafield tag="670" ind1=" " ind2=" ">
    <subfield code="a">50 years of combinatorics, graph theory, and computing, 2020:</subfield>
    <subfield code="b">page xxiii of galley (Frederick Hoffman received his PhD from University of Virginia in 1964. He was a Founding Fellow of The Institute of Combinatorics and its Applications, and serves on its Council. / His website is http://www.math.fau.edu/people/faculty/hoffman.php)</subfield>
    <subfield code="u">http://www.math.fau.edu/people/faculty/hoffman.php</subfield>
  </datafield>
  <datafield tag="953" ind1=" " ind2=" ">
    <subfield code="a">jf06</subfield>
  </datafield>
</record>