
<record>
  <leader>03309cz  a2200745n  4500</leader>
  <controlfield tag="001">2848659</controlfield>
  <controlfield tag="003">DLC</controlfield>
  <controlfield tag="005">20200105123123.0</controlfield>
  <controlfield tag="008">811020nc azannaabn          |b aaa      </controlfield>
  <datafield tag="010" ind1=" " ind2=" ">
    <subfield code="a">n  81028906 </subfield>
  </datafield>
  <datafield tag="035" ind1=" " ind2=" ">
    <subfield code="a">(OCoLC)oca00574643</subfield>
  </datafield>
  <datafield tag="040" ind1=" " ind2=" ">
    <subfield code="a">DLC</subfield>
    <subfield code="b">eng</subfield>
    <subfield code="c">DLC</subfield>
    <subfield code="d">DLC</subfield>
    <subfield code="d">NjP</subfield>
    <subfield code="d">OCoLC</subfield>
    <subfield code="d">DLC</subfield>
    <subfield code="d">TxHU</subfield>
    <subfield code="d">OCoLC</subfield>
    <subfield code="d">UPB</subfield>
    <subfield code="e">rda</subfield>
    <subfield code="d">HkUST</subfield>
    <subfield code="d">DcWaGWGG</subfield>
  </datafield>
  <datafield tag="046" ind1=" " ind2=" ">
    <subfield code="f">1904-10-12</subfield>
    <subfield code="g">1986-03-04</subfield>
    <subfield code="2">edtf</subfield>
  </datafield>
  <datafield tag="053" ind1=" " ind2="0">
    <subfield code="a">PL2747.P5</subfield>
  </datafield>
  <datafield tag="100" ind1="1" ind2=" ">
    <subfield code="a">Ding, Ling,</subfield>
    <subfield code="d">1904-1986</subfield>
  </datafield>
  <datafield tag="370" ind1=" " ind2=" ">
    <subfield code="a">Linli Xian (China)</subfield>
    <subfield code="b">Beijing (China)</subfield>
    <subfield code="2">naf</subfield>
  </datafield>
  <datafield tag="374" ind1=" " ind2=" ">
    <subfield code="a">Authors</subfield>
    <subfield code="2">lcsh</subfield>
  </datafield>
  <datafield tag="375" ind1=" " ind2=" ">
    <subfield code="a">Females</subfield>
    <subfield code="2">lcdgt</subfield>
  </datafield>
  <datafield tag="377" ind1=" " ind2=" ">
    <subfield code="a">chi</subfield>
  </datafield>
  <datafield tag="400" ind1="0" ind2=" ">
    <subfield code="a">Dingling,</subfield>
    <subfield code="d">1904-1986</subfield>
  </datafield>
  <datafield tag="400" ind1="1" ind2=" ">
    <subfield code="a">Din, Lin,</subfield>
    <subfield code="d">1904-1986</subfield>
  </datafield>
  <datafield tag="400" ind1="1" ind2=" ">
    <subfield code="a">Tei, Rei,</subfield>
    <subfield code="d">1904-1986</subfield>
  </datafield>
  <datafield tag="400" ind1="1" ind2=" ">
    <subfield code="a">丁玲,</subfield>
    <subfield code="d">1904-1986</subfield>
  </datafield>
  <datafield tag="400" ind1="1" ind2=" ">
    <subfield code="w">nne</subfield>
    <subfield code="a">Ting, Ling,</subfield>
    <subfield code="d">1904-</subfield>
  </datafield>
  <datafield tag="400" ind1="1" ind2=" ">
    <subfield code="a">Jiang, Wei,</subfield>
    <subfield code="d">1904-1986</subfield>
  </datafield>
  <datafield tag="400" ind1="1" ind2=" ">
    <subfield code="a">Chiang, Wei,</subfield>
    <subfield code="d">1904-1986</subfield>
  </datafield>
  <datafield tag="400" ind1="1" ind2=" ">
    <subfield code="a">蒋伟,</subfield>
    <subfield code="d">1904-1986</subfield>
  </datafield>
  <datafield tag="400" ind1="1" ind2=" ">
    <subfield code="a">蒋炜,</subfield>
    <subfield code="d">1904-1986</subfield>
  </datafield>
  <datafield tag="400" ind1="1" ind2=" ">
    <subfield code="a">蒋玮,</subfield>
    <subfield code="d">1904-1986</subfield>
  </datafield>
  <datafield tag="400" ind1="1" ind2=" ">
    <subfield code="a">Jiang, Bingzhi,</subfield>
    <subfield code="d">1904-1986</subfield>
  </datafield>
  <datafield tag="400" ind1="1" ind2=" ">
    <subfield code="a">Tsiang, Ping-tche,</subfield>
    <subfield code="d">1904-1986</subfield>
  </datafield>
  <datafield tag="400" ind1="1" ind2=" ">
    <subfield code="a">Shō, Hyōshi,</subfield>
    <subfield code="d">1904-1986</subfield>
  </datafield>
  <datafield tag="400" ind1="1" ind2=" ">
    <subfield code="a">蒋冰之,</subfield>
    <subfield code="d">1904-1986</subfield>
  </datafield>
  <datafield tag="400" ind1="1" ind2=" ">
    <subfield code="w">nna</subfield>
    <subfield code="a">Chiang, Ping-chih,</subfield>
    <subfield code="d">1904-</subfield>
  </datafield>
  <datafield tag="400" ind1="1" ind2=" ">
    <subfield code="a">Ding, Bingzhi,</subfield>
    <subfield code="d">1904-1986</subfield>
  </datafield>
  <datafield tag="400" ind1="1" ind2=" ">
    <subfield code="a">Ting, Ping-chih,</subfield>
    <subfield code="d">1904-1986</subfield>
  </datafield>
  <datafield tag="400" ind1="1" ind2=" ">
    <subfield code="a">丁冰之,</subfield>
    <subfield code="d">1904-1986</subfield>
  </datafield>
  <datafield tag="400" ind1="0" ind2=" ">
    <subfield code="a">Bingzhi, 1904-1986</subfield>
  </datafield>
  <datafield tag="400" ind1="0" ind2=" ">
    <subfield code="a">冰之 ,</subfield>
    <subfield code="d">1904-1986</subfield>
  </datafield>
  <datafield tag="400" ind1="1" ind2=" ">
    <subfield code="a">Hu, Bingzhi,</subfield>
    <subfield code="d">1904-1986</subfield>
  </datafield>
  <datafield tag="400" ind1="1" ind2=" ">
    <subfield code="a">Hu, Ping-chih,</subfield>
    <subfield code="d">1904-1986</subfield>
  </datafield>
  <datafield tag="400" ind1="1" ind2=" ">
    <subfield code="a">胡冰之 ,</subfield>
    <subfield code="d">1904-1986</subfield>
  </datafield>
  <datafield tag="400" ind1="1" ind2=" ">
    <subfield code="a">Hu Jiang, Bingzhi,</subfield>
    <subfield code="d">1904-1986</subfield>
  </datafield>
  <datafield tag="400" ind1="1" ind2=" ">
    <subfield code="a">Hu Chiang, Ping-chih,</subfield>
    <subfield code="d">1904-1986</subfield>
  </datafield>
  <datafield tag="400" ind1="1" ind2=" ">
    <subfield code="a">胡蒋冰之 ,</subfield>
    <subfield code="d">1904-1986</subfield>
  </datafield>
  <datafield tag="400" ind1="1" ind2=" ">
    <subfield code="a">Jiang, Weiwen,</subfield>
    <subfield code="d">1904-1986</subfield>
  </datafield>
  <datafield tag="400" ind1="1" ind2=" ">
    <subfield code="a">Chiang, Wei-wen,</subfield>
    <subfield code="d">1904-1986</subfield>
  </datafield>
  <datafield tag="400" ind1="1" ind2=" ">
    <subfield code="a">Shō, Ibun,</subfield>
    <subfield code="d">1904-1986</subfield>
  </datafield>
  <datafield tag="400" ind1="1" ind2=" ">
    <subfield code="a">蒋伟文,</subfield>
    <subfield code="d">1904-1986</subfield>
  </datafield>
  <datafield tag="400" ind1="1" ind2=" ">
    <subfield code="a">Ding, Bingzi,</subfield>
    <subfield code="d">1904-1986</subfield>
  </datafield>
  <datafield tag="400" ind1="1" ind2=" ">
    <subfield code="a">Ting, Ping-tzu,</subfield>
    <subfield code="d">1904-1986</subfield>
  </datafield>
  <datafield tag="400" ind1="1" ind2=" ">
    <subfield code="a">Lin, Din,</subfield>
    <subfield code="d">1904-1986</subfield>
  </datafield>
  <datafield tag="667" ind1=" " ind2=" ">
    <subfield code="a">Machine-derived non-Latin script reference project.</subfield>
  </datafield>
  <datafield tag="667" ind1=" " ind2=" ">
    <subfield code="a">Non-Latin script references not evaluated.</subfield>
  </datafield>
  <datafield tag="667" ind1=" " ind2=" ">
    <subfield code="a">Non-Latin script references reviewed in NACO CJK Funnel References Project.</subfield>
  </datafield>
  <datafield tag="667" ind1=" " ind2=" ">
    <subfield code="a">Pseudonyms not found on published works: Binzhi; Congxuan.</subfield>
  </datafield>
  <datafield tag="670" ind1=" " ind2=" ">
    <subfield code="a">WWPRC, c1981</subfield>
    <subfield code="b">(Ding Ling; Ting Ling; b. 1904)</subfield>
  </datafield>
  <datafield tag="670" ind1=" " ind2=" ">
    <subfield code="a">Ting Ling chi nien chi, 1987:</subfield>
    <subfield code="b">cover (Dingling [in rom.]) p. 12, etc. (original name: 蒋伟 = Chiang Wei ; d. 3/4/86)</subfield>
  </datafield>
  <datafield tag="670" ind1=" " ind2=" ">
    <subfield code="a">Her Ting Ling wen chi, 1972:</subfield>
    <subfield code="b">v. 1, p. 1, 2nd group (b. 1807 [i.e. 1907], Hu-nan Lin-li hsien; orig. name 蒋冰之 = Chiang Ping-chih or 丁冰之 = Ting Ping-chih)</subfield>
  </datafield>
  <datafield tag="670" ind1=" " ind2=" ">
    <subfield code="a">Ting Ling pʻing chuan, 1989:</subfield>
    <subfield code="b">p. 13 (b. 10-12-1904)</subfield>
  </datafield>
  <datafield tag="670" ind1=" " ind2=" ">
    <subfield code="a">Wikipedia, Apr. 10, 2008</subfield>
    <subfield code="b">(丁玲 = Ding Ling, b. Oct. 12, 1904, Hunan Province, d. Mar. 4, 1986)</subfield>
  </datafield>
  <datafield tag="670" ind1=" " ind2=" ">
    <subfield code="a">Tai yang zhao zai Sanggan He shang, 2010:</subfield>
    <subfield code="b">title page (丁玲 = Ding Ling) group 2 page 1 (born 10/12/1904 in Hunan Sheng, died 03/04/1986 in Beijing; female; original name 蒋伟 = Jiang Wei; zi 冰之 = Bingzhi; writer)</subfield>
  </datafield>
  <datafield tag="670" ind1=" " ind2=" ">
    <subfield code="a">Bai du bai ke, Dec. 29, 2019:</subfield>
    <subfield code="b">(丁玲 = Ding Ling, original name: 蒋伟 = Jiang Wei; zi [ courtesy name] : 冰之 = Bingzhi; other name: 蒋炜 = Jiang Wei, 蒋玮 = Jiang Wei, 丁冰之 = Ding Bingzhi; pen name: 彬芷 = Binzhi, 从喧 = Congxuan; native of Hunan Lilin）</subfield>
  </datafield>
  <datafield tag="952" ind1=" " ind2=" ">
    <subfield code="a">RETRO</subfield>
  </datafield>
  <datafield tag="953" ind1=" " ind2=" ">
    <subfield code="a">xx00</subfield>
    <subfield code="b">yc10</subfield>
  </datafield>
</record>