
<record>
  <leader>01330cz  a2200289n  4500</leader>
  <controlfield tag="001">2966494</controlfield>
  <controlfield tag="003">DLC</controlfield>
  <controlfield tag="005">20200105123134.0</controlfield>
  <controlfield tag="008">860829nc azannaabn          |b aaa     c</controlfield>
  <datafield tag="010" ind1=" " ind2=" ">
    <subfield code="a">n  86144886 </subfield>
  </datafield>
  <datafield tag="035" ind1=" " ind2=" ">
    <subfield code="a">(OCoLC)oca01663417</subfield>
  </datafield>
  <datafield tag="040" ind1=" " ind2=" ">
    <subfield code="a">MiU-A</subfield>
    <subfield code="b">eng</subfield>
    <subfield code="e">rda</subfield>
    <subfield code="c">DLC</subfield>
    <subfield code="d">DLC</subfield>
    <subfield code="d">OCoLC</subfield>
    <subfield code="d">DLC</subfield>
    <subfield code="d">DcWaGWGG</subfield>
  </datafield>
  <datafield tag="046" ind1=" " ind2=" ">
    <subfield code="s">18</subfield>
  </datafield>
  <datafield tag="100" ind1="1" ind2=" ">
    <subfield code="a">Deng, Chengwei,</subfield>
    <subfield code="d">active 19th century</subfield>
  </datafield>
  <datafield tag="370" ind1=" " ind2=" ">
    <subfield code="f">Sichuan Sheng (China)</subfield>
    <subfield code="2">naf</subfield>
  </datafield>
  <datafield tag="400" ind1="1" ind2=" ">
    <subfield code="w">nnea</subfield>
    <subfield code="a">Deng, Chengwei,</subfield>
    <subfield code="d">19th cent.</subfield>
  </datafield>
  <datafield tag="400" ind1="1" ind2=" ">
    <subfield code="w">nnea</subfield>
    <subfield code="a">Teng, Chʻeng-wei,</subfield>
    <subfield code="d">19th cent</subfield>
  </datafield>
  <datafield tag="400" ind1="1" ind2=" ">
    <subfield code="a">邓承伟,</subfield>
    <subfield code="d">active 19th century</subfield>
  </datafield>
  <datafield tag="400" ind1="1" ind2=" ">
    <subfield code="a">鄧承偉,</subfield>
    <subfield code="d">active 19th century</subfield>
  </datafield>
  <datafield tag="400" ind1="1" ind2=" ">
    <subfield code="a">Deng, Houzhai,</subfield>
    <subfield code="d">active 19th century</subfield>
  </datafield>
  <datafield tag="400" ind1="1" ind2=" ">
    <subfield code="a">Teng, Hou-chai,</subfield>
    <subfield code="d">active 19th century</subfield>
  </datafield>
  <datafield tag="667" ind1=" " ind2=" ">
    <subfield code="a">Machine-derived non-Latin script reference project.</subfield>
  </datafield>
  <datafield tag="667" ind1=" " ind2=" ">
    <subfield code="a">Non-Latin script references not evaluated.</subfield>
  </datafield>
  <datafield tag="667" ind1=" " ind2=" ">
    <subfield code="a">Non-Latin script references reviewed in NACO CJK Funnel References Project.</subfield>
  </datafield>
  <datafield tag="670" ind1=" " ind2=" ">
    <subfield code="a">Hsi-ning fu hsü chih, 1985:</subfield>
    <subfield code="b">p. 1, etc. (Teng Chʻeng-wei Hou-chai; native of Szechwan Prov.; governor of Hsi-ning fu, Tsinghai Prov., from 1874-1881)</subfield>
  </datafield>
  <datafield tag="670" ind1=" " ind2=" ">
    <subfield code="a">OCLC, Dec. 5, 2019</subfield>
    <subfield code="b">(usage: 邓承伟 = Deng Chengwei; 鄧承偉 = Deng Chengwei; access point: 邓承伟, active 19th Century = Deng, Chengwei, active 19th Century; 鄧承偉 = Deng, Chengwei, active 19th Century)</subfield>
  </datafield>
  <datafield tag="953" ind1=" " ind2=" ">
    <subfield code="a">bz66</subfield>
  </datafield>
</record>