
<record>
  <leader>04409cz  a2200397n  4500</leader>
  <controlfield tag="001">3015028</controlfield>
  <controlfield tag="003">DLC</controlfield>
  <controlfield tag="005">20200105123141.0</controlfield>
  <controlfield tag="008">890627n| azannaabn          |a aaa      </controlfield>
  <datafield tag="010" ind1=" " ind2=" ">
    <subfield code="a">n  88275646 </subfield>
  </datafield>
  <datafield tag="035" ind1=" " ind2=" ">
    <subfield code="a">(OCoLC)oca02551264</subfield>
  </datafield>
  <datafield tag="040" ind1=" " ind2=" ">
    <subfield code="a">DLC</subfield>
    <subfield code="b">eng</subfield>
    <subfield code="e">rda</subfield>
    <subfield code="c">DLC</subfield>
    <subfield code="d">DLC</subfield>
    <subfield code="d">HkUST</subfield>
    <subfield code="d">WaPS</subfield>
  </datafield>
  <datafield tag="046" ind1=" " ind2=" ">
    <subfield code="f">1949-09-16</subfield>
    <subfield code="2">edtf</subfield>
  </datafield>
  <datafield tag="100" ind1="1" ind2=" ">
    <subfield code="a">Lewis, Norman G.,</subfield>
    <subfield code="d">1949-</subfield>
  </datafield>
  <datafield tag="370" ind1=" " ind2=" ">
    <subfield code="c">United States</subfield>
    <subfield code="c">Canada</subfield>
    <subfield code="c">England</subfield>
    <subfield code="f">Pullman (Wash.)</subfield>
    <subfield code="f">Santa Fe (N.M.)</subfield>
    <subfield code="f">Blacksburg (Va.)</subfield>
    <subfield code="f">Vancouver (B.C.)</subfield>
    <subfield code="f">Cambridge (England)</subfield>
    <subfield code="f">London (England)</subfield>
    <subfield code="2">naf</subfield>
  </datafield>
  <datafield tag="371" ind1=" " ind2=" ">
    <subfield code="a">Institute of Biological Chemistry</subfield>
    <subfield code="a">Clark 299</subfield>
    <subfield code="a">Washington State University</subfield>
    <subfield code="a">PO Box 646340</subfield>
    <subfield code="b">Pullman</subfield>
    <subfield code="c">WA</subfield>
    <subfield code="d">United States</subfield>
    <subfield code="e">99164-6340</subfield>
    <subfield code="m">lewisn@wsu.edu</subfield>
  </datafield>
  <datafield tag="372" ind1=" " ind2=" ">
    <subfield code="a">Biochemistry</subfield>
    <subfield code="a">Chemistry</subfield>
    <subfield code="2">lcsh</subfield>
  </datafield>
  <datafield tag="373" ind1=" " ind2=" ">
    <subfield code="a">National Center for Genome Resources</subfield>
    <subfield code="2">naf</subfield>
    <subfield code="s">2013</subfield>
  </datafield>
  <datafield tag="373" ind1=" " ind2=" ">
    <subfield code="a">Washington State University. Institute of Biological Chemistry</subfield>
    <subfield code="2">naf</subfield>
    <subfield code="s">1990</subfield>
  </datafield>
  <datafield tag="373" ind1=" " ind2=" ">
    <subfield code="a">Virginia Polytechnic Institute and State University</subfield>
    <subfield code="2">naf</subfield>
    <subfield code="s">1985</subfield>
    <subfield code="t">1990</subfield>
  </datafield>
  <datafield tag="373" ind1=" " ind2=" ">
    <subfield code="a">Pulp and Paper Research Institute of Canada</subfield>
    <subfield code="2">naf</subfield>
    <subfield code="s">1980</subfield>
    <subfield code="t">1985</subfield>
  </datafield>
  <datafield tag="373" ind1=" " ind2=" ">
    <subfield code="a">University of Cambridge</subfield>
    <subfield code="2">naf</subfield>
    <subfield code="s">1978</subfield>
    <subfield code="t">1980</subfield>
  </datafield>
  <datafield tag="373" ind1=" " ind2=" ">
    <subfield code="a">University of British Columbia</subfield>
    <subfield code="2">naf</subfield>
    <subfield code="s">1973</subfield>
    <subfield code="t">1977</subfield>
  </datafield>
  <datafield tag="373" ind1=" " ind2=" ">
    <subfield code="a">Imperial Chemical Industries, ltd.</subfield>
    <subfield code="2">naf</subfield>
    <subfield code="s">1969</subfield>
    <subfield code="t">1973</subfield>
  </datafield>
  <datafield tag="374" ind1=" " ind2=" ">
    <subfield code="a">Biochemists</subfield>
    <subfield code="a">College teachers</subfield>
    <subfield code="2">lcsh</subfield>
  </datafield>
  <datafield tag="374" ind1=" " ind2=" ">
    <subfield code="a">University and college faculty members</subfield>
    <subfield code="2">lcdgt</subfield>
  </datafield>
  <datafield tag="375" ind1=" " ind2=" ">
    <subfield code="a">Males</subfield>
    <subfield code="2">lcdgt</subfield>
  </datafield>
  <datafield tag="377" ind1=" " ind2=" ">
    <subfield code="a">eng</subfield>
  </datafield>
  <datafield tag="400" ind1="1" ind2=" ">
    <subfield code="a">Lewis, N. G.</subfield>
    <subfield code="q">(Norman G.),</subfield>
    <subfield code="d">1949-</subfield>
  </datafield>
  <datafield tag="670" ind1=" " ind2=" ">
    <subfield code="a">Plant cell wall polymers, 1989:</subfield>
    <subfield code="b">CIP t.p. (Norman G. Lewis, Virginia Polytechnic Institute) data sheet (b. 9-16-49)</subfield>
  </datafield>
  <datafield tag="670" ind1=" " ind2=" ">
    <subfield code="a">Biosynthesis of woody plant biopolymers and related substances, c2001:</subfield>
    <subfield code="b">t.p. (Norman G. Lewis) p. iii (N. G. Lewis)</subfield>
  </datafield>
  <datafield tag="670" ind1=" " ind2=" ">
    <subfield code="a">ORCID (website), viewed Jan. 3, 2020:</subfield>
    <subfield code="b">Norman Lewis (Employment: 2013 to present: Adjunct Research Scientist, New Mexico Consortium : Los Alamos, NM, US; 2013 to present: Research Fellow, National Center for Genomic Resources: Santa Fe, NM, US; 2012 to present: President, Ealasid, Inc.: Pullman, Washington, US; 1990 to present: Full Professor (Institute of Biological Chemistry), Washington State University: Pullman, WA, US; 1990 to 2014: Director (Institute of Biological Chemistry), Washington State University: Pullman, WA, US; 1985 to 1990: Associate Professor (Biochemistry/Wood Science), Virginia Polytechnic Institute and State University: Blacksburg, VA, US; 1982 to 1985: Group Leader, Chemistry and Biochemistry of Woody Plants (Graduate Research Chemistry Division), Pulp and Paper Research Institute of Canada: Vancouver, BC, CA; 1980 to 1982: Assistant Scientist (Fundamental Research Division), Pulp and Paper Research Institute of Canada: Vancouver, BC, CA; 1980 to 1980: Research Associate (Chemistry), National Research Council of Canada: Ottawa, ON, CA; 1978 to 1980: NRC Postdoctoral Fellowship (Canada) (Chemistry), University of Cambridge: Cambridge, Cambridgeshire, GB; 1969 to 1973: Research Chemist (Chemistry), Imperial Chemical Industries: Millbank, London, GB. Education: 1973 to 1977: Ph.D. (Chemistry), University of British Columbia: Vancouver, BC, CA; 1969 to 1973: B.Sc. (Chemistry), University of Strathclyde: Glasgow, Glasgow, GB.)</subfield>
    <subfield code="u">http://orcid.org/0000-0001-5742-032X</subfield>
  </datafield>
  <datafield tag="670" ind1=" " ind2=" ">
    <subfield code="a">Institute of Biological Chemistry, Washington State University (website), viewed Jan. 3, 2020:</subfield>
    <subfield code="b">Norman G. Lewis (WSU Regents Professor, Fellow of the Royal Society of Edinburgh, The Arthur M. and Kate Eisig-Tode Distinguished Professor, Ph.D. 1977, University of British Columbia, Vancouver. lewisn@wsu.edu)</subfield>
    <subfield code="u">https://ibc.wsu.edu/research-faculty-2/lewis/</subfield>
  </datafield>
  <datafield tag="670" ind1=" " ind2=" ">
    <subfield code="a">Washington State University (website), viewed Jan. 3, 2020:</subfield>
    <subfield code="b">Directory (Lewis, Norman G. Regents Professor, Institute of Biological Chem, Clark 299, PO Box 646340, Pullman, WA 99164-6340, lewisn@wsu.edu)</subfield>
    <subfield code="u">https://search.wsu.edu/default.aspx?cx=013644890599324097824:kbqgwamjoxq&amp;cof=FORID%3A11&amp;q=Lewis%2c+Norman&amp;sa=Search</subfield>
  </datafield>
  <datafield tag="670" ind1=" " ind2=" ">
    <subfield code="a">WSU Insider(website), viewed Jan. 3, 2020:</subfield>
    <subfield code="b">&apos;Innovators&apos; series to feature noted biofuels researcher Norman Lewis, posted Nov. 7, 2008 (Lewis joined WSU in 1990 and has served continuously since as director and Fellow of the Institute of Biological Chemistry. He is also Regents&apos; Professor and the Arthur M. and Kate Eisig-Tode Distinguished Professor.)</subfield>
    <subfield code="u">https://news.wsu.edu/2008/11/07/innovators-series-to-feature-noted-biofuels-researcher-norman-lewis/</subfield>
  </datafield>
  <datafield tag="953" ind1=" " ind2=" ">
    <subfield code="a">ea07</subfield>
  </datafield>
</record>