
<record>
  <leader>02025cz  a2200313n  4500</leader>
  <controlfield tag="001">3325173</controlfield>
  <controlfield tag="003">DLC</controlfield>
  <controlfield tag="005">20200105123125.0</controlfield>
  <controlfield tag="008">820126n| azannaabn          |a aaa      </controlfield>
  <datafield tag="010" ind1=" " ind2=" ">
    <subfield code="a">n  81139610 </subfield>
  </datafield>
  <datafield tag="035" ind1=" " ind2=" ">
    <subfield code="a">(OCoLC)oca00684428</subfield>
  </datafield>
  <datafield tag="040" ind1=" " ind2=" ">
    <subfield code="a">DLC</subfield>
    <subfield code="b">eng</subfield>
    <subfield code="e">rda</subfield>
    <subfield code="c">DLC</subfield>
    <subfield code="d">IEN</subfield>
    <subfield code="d">KyU</subfield>
  </datafield>
  <datafield tag="046" ind1=" " ind2=" ">
    <subfield code="f">1940-08-06</subfield>
    <subfield code="2">edtf</subfield>
  </datafield>
  <datafield tag="100" ind1="1" ind2=" ">
    <subfield code="a">Drnevich, Vincent P.</subfield>
  </datafield>
  <datafield tag="370" ind1=" " ind2=" ">
    <subfield code="a">Pittsburgh (Penn.)</subfield>
    <subfield code="c">United States</subfield>
    <subfield code="e">Notre Dame (Ind.)</subfield>
    <subfield code="e">Ann Arbor (Mich.)</subfield>
    <subfield code="e">Lexington (Ky.)</subfield>
    <subfield code="e">West Lafayette (Ind.)</subfield>
    <subfield code="2">naf</subfield>
  </datafield>
  <datafield tag="372" ind1=" " ind2=" ">
    <subfield code="a">Civil engineering</subfield>
    <subfield code="2">lcsh</subfield>
  </datafield>
  <datafield tag="373" ind1=" " ind2=" ">
    <subfield code="a">University of Notre Dame</subfield>
    <subfield code="a">University of Michigan</subfield>
    <subfield code="a">University of Kentucky</subfield>
    <subfield code="a">Purdue University</subfield>
    <subfield code="2">naf</subfield>
  </datafield>
  <datafield tag="374" ind1=" " ind2=" ">
    <subfield code="a">College teacher</subfield>
    <subfield code="a">College administrators</subfield>
    <subfield code="a">Civil engineers</subfield>
    <subfield code="2">lcsh</subfield>
  </datafield>
  <datafield tag="375" ind1=" " ind2=" ">
    <subfield code="a">Males</subfield>
    <subfield code="2">lcdgt</subfield>
  </datafield>
  <datafield tag="377" ind1=" " ind2=" ">
    <subfield code="a">eng</subfield>
  </datafield>
  <datafield tag="400" ind1="1" ind2=" ">
    <subfield code="a">Drnevich, V.</subfield>
    <subfield code="q">(Vincent)</subfield>
  </datafield>
  <datafield tag="400" ind1="1" ind2=" ">
    <subfield code="a">Drnevich, Vincent Paul</subfield>
  </datafield>
  <datafield tag="670" ind1=" " ind2=" ">
    <subfield code="a">His Response of saturated sands to cyclic shear at earthquake amplitudes, 1975.</subfield>
  </datafield>
  <datafield tag="670" ind1=" " ind2=" ">
    <subfield code="a">His Evaluation of sample disturbance on soils using the concept of &quot;reference strain&quot;, 1979:</subfield>
    <subfield code="b">t.p. (Vincent P. Drnevich, Civil Engineering Dept., Univ. of Ky.) facsim. catalog card p. (Drnevich, Vincent Paul)</subfield>
  </datafield>
  <datafield tag="670" ind1=" " ind2=" ">
    <subfield code="a">Family of compaction curves for chemically modified soils, 2005:</subfield>
    <subfield code="b">t.p. of pdf (V. Drnevich, Joint Transportation Research Program, School of Civil Engineering, Purdue University)</subfield>
  </datafield>
  <datafield tag="670" ind1=" " ind2=" ">
    <subfield code="a">United States Public Records, 1970-2009 via FamilySearch (online), viewed January 3, 2020</subfield>
    <subfield code="b">(name: Vincent P. Drnevich; birth date: August 6, 1940; residences: in Lexington, Ky. and West Lafayette, Indiana)</subfield>
  </datafield>
  <datafield tag="670" ind1=" " ind2=" ">
    <subfield code="a">Wikipedia, viewed January 3, 2020:</subfield>
    <subfield code="b">under “Vincent P. Drnevich” (born in Pittsburgh, Penn.; BS and MS from Notre Dame, PhD from University of Michigan; taught for 24 years at University of Kentucky where he was also chair of the Civil Engineering Department and one year as acting dean of the College of Engineering; in 1991 he moved to Purdue University where he was the school head for civil engineering.)</subfield>
  </datafield>
  <datafield tag="952" ind1=" " ind2=" ">
    <subfield code="a">RETRO</subfield>
  </datafield>
  <datafield tag="953" ind1=" " ind2=" ">
    <subfield code="a">xx00</subfield>
  </datafield>
</record>