
<record>
  <leader>01145cz  a2200265n  4500</leader>
  <controlfield tag="001">3424468</controlfield>
  <controlfield tag="003">DLC</controlfield>
  <controlfield tag="005">20200105123121.0</controlfield>
  <controlfield tag="008">870513nc azannaabn          |b aaa     c</controlfield>
  <datafield tag="010" ind1=" " ind2=" ">
    <subfield code="a">n  86049030 </subfield>
  </datafield>
  <datafield tag="035" ind1=" " ind2=" ">
    <subfield code="a">(OCoLC)oca01853182</subfield>
  </datafield>
  <datafield tag="040" ind1=" " ind2=" ">
    <subfield code="a">NjP</subfield>
    <subfield code="b">eng</subfield>
    <subfield code="e">rda</subfield>
    <subfield code="c">DLC</subfield>
    <subfield code="d">OCoLC</subfield>
    <subfield code="d">DLC</subfield>
    <subfield code="d">DcWaGWGG</subfield>
  </datafield>
  <datafield tag="046" ind1=" " ind2=" ">
    <subfield code="s">1127</subfield>
    <subfield code="t">1167</subfield>
    <subfield code="2">edtf</subfield>
  </datafield>
  <datafield tag="100" ind1="1" ind2=" ">
    <subfield code="a">Deng, Chun,</subfield>
    <subfield code="d">active 1127-1167</subfield>
  </datafield>
  <datafield tag="400" ind1="1" ind2=" ">
    <subfield code="w">nnea</subfield>
    <subfield code="a">Deng, Chun,</subfield>
    <subfield code="d">fl. 1127-1167</subfield>
  </datafield>
  <datafield tag="400" ind1="1" ind2=" ">
    <subfield code="w">nnea</subfield>
    <subfield code="a">Teng, Chʻun,</subfield>
    <subfield code="d">fl. 1127-1167</subfield>
  </datafield>
  <datafield tag="400" ind1="1" ind2=" ">
    <subfield code="a">邓椿,</subfield>
    <subfield code="d">active 1127-1167</subfield>
  </datafield>
  <datafield tag="400" ind1="1" ind2=" ">
    <subfield code="a">鄧椿,</subfield>
    <subfield code="d">active 1127-1167</subfield>
  </datafield>
  <datafield tag="667" ind1=" " ind2=" ">
    <subfield code="a">Machine-derived non-Latin script reference project.</subfield>
  </datafield>
  <datafield tag="667" ind1=" " ind2=" ">
    <subfield code="a">Non-Latin script references not evaluated.</subfield>
  </datafield>
  <datafield tag="667" ind1=" " ind2=" ">
    <subfield code="a">Non-Latin script references reviewed in NACO CJK Funnel References Project.</subfield>
  </datafield>
  <datafield tag="670" ind1=" " ind2=" ">
    <subfield code="a">Maeda, R. Two Sung texts on Chinese painting ..., 1978:</subfield>
    <subfield code="b">p. ii (Teng Chʻun)</subfield>
  </datafield>
  <datafield tag="670" ind1=" " ind2=" ">
    <subfield code="a">LC in RLIN, 4-29-87</subfield>
    <subfield code="b">(hdg.: Teng, Chʻun, fl. 1127-1167)</subfield>
  </datafield>
  <datafield tag="670" ind1=" " ind2=" ">
    <subfield code="a">OCLC, Dec. 6, 2019</subfield>
    <subfield code="b">(usage: 鄧椿 = Deng Chun; 邓椿 = Deng Chun; access point: 鄧椿, active 1127-1167 = Deng, Chun, active 1127-1167; 邓椿, active 1127-1167 = Deng Chun, active 1127-1167)</subfield>
  </datafield>
  <datafield tag="953" ind1=" " ind2=" ">
    <subfield code="a">bz63</subfield>
  </datafield>
</record>