
<record>
  <leader>01111cz  a2200265n  4500</leader>
  <controlfield tag="001">3551352</controlfield>
  <controlfield tag="003">DLC</controlfield>
  <controlfield tag="005">20200105123137.0</controlfield>
  <controlfield tag="008">920630n| azannaabn          |b aaa      </controlfield>
  <datafield tag="010" ind1=" " ind2=" ">
    <subfield code="a">nr 92023460 </subfield>
  </datafield>
  <datafield tag="035" ind1=" " ind2=" ">
    <subfield code="a">(OCoLC)oca03198438</subfield>
  </datafield>
  <datafield tag="040" ind1=" " ind2=" ">
    <subfield code="a">DLC-R</subfield>
    <subfield code="b">eng</subfield>
    <subfield code="c">DLC-R</subfield>
    <subfield code="d">OCoLC</subfield>
    <subfield code="e">rda</subfield>
    <subfield code="d">DLC</subfield>
    <subfield code="d">HU</subfield>
  </datafield>
  <datafield tag="046" ind1=" " ind2=" ">
    <subfield code="f">1909-08-12</subfield>
    <subfield code="g">1935-01-23</subfield>
    <subfield code="2">edtf</subfield>
  </datafield>
  <datafield tag="100" ind1="1" ind2=" ">
    <subfield code="a">Ch&apos;oe, Yong-sin,</subfield>
    <subfield code="d">1909-1935</subfield>
  </datafield>
  <datafield tag="400" ind1="1" ind2=" ">
    <subfield code="a">Choi, Yong-Sin,</subfield>
    <subfield code="d">1909-1935</subfield>
  </datafield>
  <datafield tag="400" ind1="1" ind2=" ">
    <subfield code="a">Yong-Sin, Choi,</subfield>
    <subfield code="d">1909-1935</subfield>
  </datafield>
  <datafield tag="400" ind1="1" ind2=" ">
    <subfield code="a">崔 容信,</subfield>
    <subfield code="d">1909-1935</subfield>
  </datafield>
  <datafield tag="400" ind1="1" ind2=" ">
    <subfield code="a">최 용신,</subfield>
    <subfield code="d">1909-1935</subfield>
  </datafield>
  <datafield tag="667" ind1=" " ind2=" ">
    <subfield code="a">Machine-derived non-Latin script reference project.</subfield>
  </datafield>
  <datafield tag="667" ind1=" " ind2=" ">
    <subfield code="a">Non-Latin script references not evaluated.</subfield>
  </datafield>
  <datafield tag="667" ind1=" " ind2=" ">
    <subfield code="a">Non-Latin script references reviewed in NACO CJK Funnel References Project.</subfield>
  </datafield>
  <datafield tag="670" ind1=" " ind2=" ">
    <subfield code="a">Hong, S.C. Sangnoksu nongch&apos;on sarang, 1991:</subfield>
    <subfield code="b">t.p. (Ch&apos;oe Yong-sin) added t.p., etc. (b. 8-12-1909 in Hamgyŏng-namdo Tŏgwŏn-gun; d. 1-23-35; Choi Yong-Sin [in rom.])</subfield>
  </datafield>
  <datafield tag="670" ind1=" " ind2=" ">
    <subfield code="a">OCLC #26592538, January 4, 2020</subfield>
    <subfield code="b">(access point: 崔 容信, 1909-1935 = 최 용신, 1909-1935 = Ch&apos;oe, Yong-sin, 1909-1935)</subfield>
  </datafield>
  <datafield tag="953" ind1=" " ind2=" ">
    <subfield code="a">xx00</subfield>
  </datafield>
  <datafield tag="985" ind1=" " ind2=" ">
    <subfield code="c">RLIN</subfield>
    <subfield code="e">LSPC</subfield>
  </datafield>
</record>