
<record>
  <leader>01124cz  a2200265n  4500</leader>
  <controlfield tag="001">3789444</controlfield>
  <controlfield tag="003">DLC</controlfield>
  <controlfield tag="005">20200105123125.0</controlfield>
  <controlfield tag="008">811116nc azannaabn          |b aaa      </controlfield>
  <datafield tag="010" ind1=" " ind2=" ">
    <subfield code="a">n  81130943 </subfield>
  </datafield>
  <datafield tag="035" ind1=" " ind2=" ">
    <subfield code="a">(OCoLC)oca00675828</subfield>
  </datafield>
  <datafield tag="040" ind1=" " ind2=" ">
    <subfield code="a">DLC</subfield>
    <subfield code="b">eng</subfield>
    <subfield code="e">rda</subfield>
    <subfield code="c">DLC</subfield>
    <subfield code="d">OCoLC</subfield>
    <subfield code="d">DLC</subfield>
    <subfield code="d">OCoLC</subfield>
    <subfield code="d">DLC</subfield>
    <subfield code="d">DcWaGWGG</subfield>
  </datafield>
  <datafield tag="046" ind1=" " ind2=" ">
    <subfield code="f">1900-11-15</subfield>
    <subfield code="g">1931-04-05</subfield>
    <subfield code="2">edtf</subfield>
  </datafield>
  <datafield tag="053" ind1=" " ind2="0">
    <subfield code="a">PL2812.E49</subfield>
  </datafield>
  <datafield tag="100" ind1="1" ind2=" ">
    <subfield code="a">Deng, Enming,</subfield>
    <subfield code="d">1900-1931</subfield>
  </datafield>
  <datafield tag="400" ind1="0" ind2=" ">
    <subfield code="a">Dengenming,</subfield>
    <subfield code="d">1900-1931</subfield>
  </datafield>
  <datafield tag="400" ind1="1" ind2=" ">
    <subfield code="w">nne</subfield>
    <subfield code="a">Teng, En-ming,</subfield>
    <subfield code="d">1900-1931</subfield>
  </datafield>
  <datafield tag="400" ind1="1" ind2=" ">
    <subfield code="a">邓恩铭,</subfield>
    <subfield code="d">1900-1931</subfield>
  </datafield>
  <datafield tag="400" ind1="1" ind2=" ">
    <subfield code="a">鄧恩銘,</subfield>
    <subfield code="d">1900-1931</subfield>
  </datafield>
  <datafield tag="667" ind1=" " ind2=" ">
    <subfield code="a">Machine-derived non-Latin script reference project.</subfield>
  </datafield>
  <datafield tag="667" ind1=" " ind2=" ">
    <subfield code="a">Non-Latin script references not evaluated.</subfield>
  </datafield>
  <datafield tag="667" ind1=" " ind2=" ">
    <subfield code="a">Non-Latin script references reviewed in NACO CJK Funnel References Project.</subfield>
  </datafield>
  <datafield tag="670" ind1=" " ind2=" ">
    <subfield code="a">Chou, L.Y. Teng En-ming ti ku shih, 1980 (subj.)</subfield>
    <subfield code="b">t.p. (Teng En-ming) p. 3, etc. (b. 11/15/1900; d. 4/5/1931)</subfield>
  </datafield>
  <datafield tag="670" ind1=" " ind2=" ">
    <subfield code="a">OCLC, Dec. 6, 2019</subfield>
    <subfield code="b">(usage: 邓恩铭 = Dengenming [in rom.]; 鄧恩銘 = Dengenming [in rom.];邓恩铭 = Deng Enming; 鄧恩銘 = Deng Enming; access point: Deng, Enming, 1900-1931)</subfield>
  </datafield>
  <datafield tag="953" ind1=" " ind2=" ">
    <subfield code="a">bl08</subfield>
    <subfield code="b">ta27</subfield>
  </datafield>
</record>