
<record>
  <leader>01072cz  a2200241n  4500</leader>
  <controlfield tag="001">3891944</controlfield>
  <controlfield tag="003">DLC</controlfield>
  <controlfield tag="005">20200105123131.0</controlfield>
  <controlfield tag="008">870227n| azannaabn          |a aaa      </controlfield>
  <datafield tag="010" ind1=" " ind2=" ">
    <subfield code="a">n  86078033 </subfield>
  </datafield>
  <datafield tag="035" ind1=" " ind2=" ">
    <subfield code="a">(OCoLC)oca01798369</subfield>
  </datafield>
  <datafield tag="040" ind1=" " ind2=" ">
    <subfield code="a">DLC</subfield>
    <subfield code="b">eng</subfield>
    <subfield code="c">DLC</subfield>
    <subfield code="d">DLC</subfield>
    <subfield code="e">rda</subfield>
    <subfield code="d">MdRoLAC</subfield>
  </datafield>
  <datafield tag="046" ind1=" " ind2=" ">
    <subfield code="f">1955-09-30</subfield>
    <subfield code="2">edtf</subfield>
  </datafield>
  <datafield tag="100" ind1="1" ind2=" ">
    <subfield code="a">Bruzzo, U.</subfield>
    <subfield code="q">(Ugo)</subfield>
  </datafield>
  <datafield tag="370" ind1=" " ind2=" ">
    <subfield code="f">Trieste (Italy)</subfield>
    <subfield code="2">naf</subfield>
  </datafield>
  <datafield tag="372" ind1=" " ind2=" ">
    <subfield code="a">Physics</subfield>
    <subfield code="2">lcsh</subfield>
  </datafield>
  <datafield tag="373" ind1=" " ind2=" ">
    <subfield code="a">International School for Advanced Studies (Trieste, Italy)</subfield>
    <subfield code="2">naf</subfield>
  </datafield>
  <datafield tag="400" ind1="1" ind2=" ">
    <subfield code="a">Bruzzo, Ugo</subfield>
  </datafield>
  <datafield tag="670" ind1=" " ind2=" ">
    <subfield code="a">Italian Conf. on General Relativity and Gravitational Physics (7th : 1986 : Rapallo, Italy). Proceedings of the 7th Italian Conf. ... c1987:</subfield>
    <subfield code="b">CIP t.p. (Ugo Bruzzo) bk. t.p. (U. Bruzzo)</subfield>
  </datafield>
  <datafield tag="670" ind1=" " ind2=" ">
    <subfield code="a">Differential geometric methods in theoretical physics, c1991:</subfield>
    <subfield code="b">CIP t.p. (U. Bruzzo) t.p. verso (Ugo Bruzzo) data sheet (b. 09-30-55)</subfield>
  </datafield>
  <datafield tag="670" ind1=" " ind2=" ">
    <subfield code="a">Derived functors and sheaf cohomology, 2020:</subfield>
    <subfield code="b">eCIP title page (Ugo Bruzzo) data view (International School for Advanced Studies, Trieste, Italy)</subfield>
  </datafield>
  <datafield tag="952" ind1=" " ind2=" ">
    <subfield code="a">*ea07 042 02-08-91</subfield>
  </datafield>
  <datafield tag="953" ind1=" " ind2=" ">
    <subfield code="a">bg98</subfield>
    <subfield code="b">ea07</subfield>
  </datafield>
</record>