
<record>
  <leader>01273cz  a2200301n  4500</leader>
  <controlfield tag="001">4177153</controlfield>
  <controlfield tag="003">DLC</controlfield>
  <controlfield tag="005">20200105123130.0</controlfield>
  <controlfield tag="008">990202n| azannaabn          |b aaa     c</controlfield>
  <datafield tag="010" ind1=" " ind2=" ">
    <subfield code="a">nr 99003743 </subfield>
  </datafield>
  <datafield tag="035" ind1=" " ind2=" ">
    <subfield code="a">(OCoLC)oca04921069</subfield>
  </datafield>
  <datafield tag="040" ind1=" " ind2=" ">
    <subfield code="a">HU</subfield>
    <subfield code="b">eng</subfield>
    <subfield code="c">HU</subfield>
    <subfield code="d">DLC-R</subfield>
    <subfield code="d">HU</subfield>
    <subfield code="d">OCoLC</subfield>
    <subfield code="d">OrPOCIP</subfield>
    <subfield code="d">DLC-R</subfield>
    <subfield code="d">OCoLC</subfield>
    <subfield code="d">DLC</subfield>
    <subfield code="e">rda</subfield>
    <subfield code="d">HU</subfield>
  </datafield>
  <datafield tag="046" ind1=" " ind2=" ">
    <subfield code="f">1961</subfield>
    <subfield code="2">edtf</subfield>
  </datafield>
  <datafield tag="053" ind1=" " ind2="0">
    <subfield code="a">PL992.18.Y593</subfield>
  </datafield>
  <datafield tag="100" ind1="1" ind2=" ">
    <subfield code="a">Ch&apos;oe, Yŏng-mi,</subfield>
    <subfield code="d">1961-</subfield>
  </datafield>
  <datafield tag="400" ind1="1" ind2=" ">
    <subfield code="a">Choi, Young-Mi,</subfield>
    <subfield code="d">1961-</subfield>
  </datafield>
  <datafield tag="400" ind1="1" ind2=" ">
    <subfield code="a">崔泳美,</subfield>
    <subfield code="d">1961-</subfield>
  </datafield>
  <datafield tag="400" ind1="1" ind2=" ">
    <subfield code="a">崔 泳美,</subfield>
    <subfield code="d">1961-</subfield>
  </datafield>
  <datafield tag="400" ind1="1" ind2=" ">
    <subfield code="a">최영미,</subfield>
    <subfield code="d">1961-</subfield>
  </datafield>
  <datafield tag="400" ind1="1" ind2=" ">
    <subfield code="a">최 영미,</subfield>
    <subfield code="d">1961-</subfield>
  </datafield>
  <datafield tag="667" ind1=" " ind2=" ">
    <subfield code="a">Machine-derived non-Latin script reference project.</subfield>
  </datafield>
  <datafield tag="667" ind1=" " ind2=" ">
    <subfield code="a">Non-Latin script references not evaluated.</subfield>
  </datafield>
  <datafield tag="667" ind1=" " ind2=" ">
    <subfield code="a">Non-Latin script references reviewed in NACO CJK Funnel References Project.</subfield>
  </datafield>
  <datafield tag="670" ind1=" " ind2=" ">
    <subfield code="a">Sidae ŭi uul, 1997:</subfield>
    <subfield code="b">t.p. (Ch&apos;oe Yŏng-mi) front flap (b. 1961, Seoul, Korea; grad., Sŏultae Sŏyang Sahakkwa, Hongiktae Misul Sahakkwa Taehagwŏn)</subfield>
  </datafield>
  <datafield tag="670" ind1=" " ind2=" ">
    <subfield code="a">Three poets of modern Korea, 2002:</subfield>
    <subfield code="b">CIP t.p. (Choi Young-Mi [in rom.])</subfield>
  </datafield>
  <datafield tag="670" ind1=" " ind2=" ">
    <subfield code="a">OCLC #31157932, January 4, 2020</subfield>
    <subfield code="b">(access point: 崔 泳美,1961- = 최영미, 1961- = Ch&apos;oe, Yŏng-mi, 1961-; usage: 崔 泳美 = 최 영미 = Ch&apos;oe Yŏng-mi)</subfield>
  </datafield>
  <datafield tag="953" ind1=" " ind2=" ">
    <subfield code="a">xx00</subfield>
    <subfield code="b">cf05</subfield>
  </datafield>
  <datafield tag="985" ind1=" " ind2=" ">
    <subfield code="c">RLG</subfield>
    <subfield code="e">LSPC</subfield>
  </datafield>
</record>