
<record>
  <leader>00783cz  a2200217n  4500</leader>
  <controlfield tag="001">4212000</controlfield>
  <controlfield tag="003">DLC</controlfield>
  <controlfield tag="005">20200105123130.0</controlfield>
  <controlfield tag="008">790118n| azannaabn          |a aaa      </controlfield>
  <datafield tag="010" ind1=" " ind2=" ">
    <subfield code="a">n  79004802 </subfield>
  </datafield>
  <datafield tag="035" ind1=" " ind2=" ">
    <subfield code="a">(OCoLC)oca00238974</subfield>
  </datafield>
  <datafield tag="040" ind1=" " ind2=" ">
    <subfield code="a">DLC</subfield>
    <subfield code="b">eng</subfield>
    <subfield code="c">DLC</subfield>
    <subfield code="d">DLC</subfield>
    <subfield code="e">rda</subfield>
    <subfield code="d">MdRoLAC</subfield>
  </datafield>
  <datafield tag="046" ind1=" " ind2=" ">
    <subfield code="f">1945</subfield>
    <subfield code="2">edtf</subfield>
  </datafield>
  <datafield tag="100" ind1="1" ind2=" ">
    <subfield code="a">Culshaw, B.</subfield>
  </datafield>
  <datafield tag="372" ind1=" " ind2=" ">
    <subfield code="a">Enginering</subfield>
    <subfield code="2">lcsh</subfield>
  </datafield>
  <datafield tag="373" ind1=" " ind2=" ">
    <subfield code="a">University College, London</subfield>
    <subfield code="a">University of Colorado</subfield>
    <subfield code="2">naf</subfield>
  </datafield>
  <datafield tag="375" ind1=" " ind2=" ">
    <subfield code="a">Males</subfield>
    <subfield code="2">lcdgt</subfield>
  </datafield>
  <datafield tag="400" ind1="1" ind2=" ">
    <subfield code="a">Culshaw, Brian</subfield>
  </datafield>
  <datafield tag="670" ind1=" " ind2=" ">
    <subfield code="a">His Avalanche diode oscillators, 1978:</subfield>
    <subfield code="b">t.p. (B. Culshaw; Dept. of  Electronic &amp; Electrical Engin., Univ. Col., London) p. viii (Brian Culshaw, Ph.D., 1969, Univ. Col.)</subfield>
  </datafield>
  <datafield tag="670" ind1=" " ind2=" ">
    <subfield code="a">Optical fiber sensors, c1988- :</subfield>
    <subfield code="b">v. 1, t.p. (Brian Culshaw) p. xiii (b. 1945)</subfield>
  </datafield>
  <datafield tag="953" ind1=" " ind2=" ">
    <subfield code="a">ea34</subfield>
    <subfield code="b">bc44</subfield>
  </datafield>
</record>