
<record>
  <leader>02680cz  a2200541n  4500</leader>
  <controlfield tag="001">4242337</controlfield>
  <controlfield tag="003">DLC</controlfield>
  <controlfield tag="005">20200105123122.0</controlfield>
  <controlfield tag="008">810205nc azannaabn          |b aaa      </controlfield>
  <datafield tag="010" ind1=" " ind2=" ">
    <subfield code="a">n  81010472 </subfield>
  </datafield>
  <datafield tag="035" ind1=" " ind2=" ">
    <subfield code="a">(OCoLC)oca00556437</subfield>
  </datafield>
  <datafield tag="040" ind1=" " ind2=" ">
    <subfield code="a">DLC</subfield>
    <subfield code="b">eng</subfield>
    <subfield code="e">rda</subfield>
    <subfield code="c">DLC</subfield>
    <subfield code="d">DLC-R</subfield>
    <subfield code="d">DLC</subfield>
    <subfield code="d">OCoLC</subfield>
    <subfield code="d">UPB</subfield>
    <subfield code="d">DLC</subfield>
    <subfield code="d">DcWaGWGG</subfield>
  </datafield>
  <datafield tag="046" ind1=" " ind2=" ">
    <subfield code="f">1907-03-16</subfield>
    <subfield code="g">1998-01-10</subfield>
    <subfield code="2">edtf</subfield>
  </datafield>
  <datafield tag="100" ind1="1" ind2=" ">
    <subfield code="a">Deng, Guangming</subfield>
  </datafield>
  <datafield tag="370" ind1=" " ind2=" ">
    <subfield code="a">Shandong Sheng (China)</subfield>
    <subfield code="b">Beijing (China)</subfield>
    <subfield code="2">naf</subfield>
  </datafield>
  <datafield tag="372" ind1=" " ind2=" ">
    <subfield code="a">China--history</subfield>
    <subfield code="2">lcsh</subfield>
  </datafield>
  <datafield tag="373" ind1=" " ind2=" ">
    <subfield code="a">Beijing da xue</subfield>
    <subfield code="2">naf</subfield>
  </datafield>
  <datafield tag="373" ind1=" " ind2=" ">
    <subfield code="a">Fu dan da xue (Shanghai, China)</subfield>
    <subfield code="2">naf</subfield>
    <subfield code="s">1943</subfield>
    <subfield code="t">1946</subfield>
  </datafield>
  <datafield tag="374" ind1=" " ind2=" ">
    <subfield code="a">Historians</subfield>
    <subfield code="2">lcsh</subfield>
  </datafield>
  <datafield tag="375" ind1=" " ind2=" ">
    <subfield code="a">Males</subfield>
    <subfield code="2">lcdgt</subfield>
  </datafield>
  <datafield tag="377" ind1=" " ind2=" ">
    <subfield code="a">chi</subfield>
  </datafield>
  <datafield tag="400" ind1="1" ind2=" ">
    <subfield code="a">Deng, Guangming,</subfield>
    <subfield code="d">1907-1998</subfield>
  </datafield>
  <datafield tag="400" ind1="1" ind2=" ">
    <subfield code="w">nne</subfield>
    <subfield code="a">Teng, Kuang-ming</subfield>
  </datafield>
  <datafield tag="400" ind1="1" ind2=" ">
    <subfield code="a">邓广銘</subfield>
  </datafield>
  <datafield tag="400" ind1="1" ind2=" ">
    <subfield code="a">邓广铭</subfield>
  </datafield>
  <datafield tag="400" ind1="1" ind2=" ">
    <subfield code="a">邓廣銘</subfield>
  </datafield>
  <datafield tag="400" ind1="1" ind2=" ">
    <subfield code="a">鄧廣銘</subfield>
  </datafield>
  <datafield tag="400" ind1="1" ind2=" ">
    <subfield code="a">鄧廣铭</subfield>
  </datafield>
  <datafield tag="400" ind1="1" ind2=" ">
    <subfield code="a">鄧广銘</subfield>
  </datafield>
  <datafield tag="400" ind1="1" ind2=" ">
    <subfield code="a">Deng, Gongsan</subfield>
  </datafield>
  <datafield tag="400" ind1="1" ind2=" ">
    <subfield code="a">Teng, Kung-san</subfield>
  </datafield>
  <datafield tag="400" ind1="1" ind2=" ">
    <subfield code="a">邓恭三</subfield>
  </datafield>
  <datafield tag="400" ind1="1" ind2=" ">
    <subfield code="a">鄧恭三</subfield>
  </datafield>
  <datafield tag="667" ind1=" " ind2=" ">
    <subfield code="a">Machine-derived non-Latin script reference project.</subfield>
  </datafield>
  <datafield tag="667" ind1=" " ind2=" ">
    <subfield code="a">Non-Latin script references not evaluated.</subfield>
  </datafield>
  <datafield tag="667" ind1=" " ind2=" ">
    <subfield code="a">Non-Latin script references reviewed in NACO CJK Funnel References Project.</subfield>
  </datafield>
  <datafield tag="670" ind1=" " ind2=" ">
    <subfield code="a">His Yüeh Fei chuan, 1955.</subfield>
  </datafield>
  <datafield tag="670" ind1=" " ind2=" ">
    <subfield code="a">His Liang Sung cheng chih ching chi wen tʻi, 1988:</subfield>
    <subfield code="b">t.p. (Teng Kuang-ming) biog. data (Chung-kuo sung shih hsüeh hui hui chang)</subfield>
  </datafield>
  <datafield tag="670" ind1=" " ind2=" ">
    <subfield code="a">Teng Kuang-ming chih shih tsʻung kao, 1997:</subfield>
    <subfield code="b">biog. data (b. Mar. 1907; historian)</subfield>
  </datafield>
  <datafield tag="670" ind1=" " ind2=" ">
    <subfield code="a">World Biographical Information System, June 4, 2011:</subfield>
    <subfield code="b">(Deng Guangming, b. 1907; male; professor of Chinese history; author; politician)</subfield>
  </datafield>
  <datafield tag="670" ind1=" " ind2=" ">
    <subfield code="a">zh.wikipedia via www, June 4, 2011:</subfield>
    <subfield code="b">(鄧廣銘 = Deng Guangming, 3/16/1907－1/10/1998，zi 恭三 = Gongsan, born in Shangdong sheng; historian)</subfield>
  </datafield>
  <datafield tag="670" ind1=" " ind2=" ">
    <subfield code="a">Jiaxuan ci bian nian jian zhu, 1962:</subfield>
    <subfield code="b">t.p. (鄧廣銘 = Deng Guangming)</subfield>
  </datafield>
  <datafield tag="670" ind1=" " ind2=" ">
    <subfield code="a">OCLC, Dec. 6, 2019</subfield>
    <subfield code="b">(usage: 鄧恭三 = Deng Gongsan; 鄧恭三[廣銘] = Deng Gongsan [Guangming]; 邓广銘 = Deng, Guangming; 邓廣銘 = Deng, Guangming; 鄧广銘 = Deng Guangming; 邓广铭 = Deng Guangming; access point: Deng, Guangming;)</subfield>
  </datafield>
  <datafield tag="670" ind1=" " ind2=" ">
    <subfield code="a">Bai du bai ke website, Jan. 2, 2020</subfield>
    <subfield code="b">(邓广铭 = Deng Guangming; zi [courtesy name]: 恭三 = Gongshan; historian; born March 13, 1907 in Shandong Dezhou Linyi; died Jan. 10, 1998 in Beijing; graduated from Beijing da xue in 1936; worked in Beijing da xue from 1936 to 1943 and Fu dan da xue from 1943-1946)</subfield>
  </datafield>
  <datafield tag="670" ind1=" " ind2=" ">
    <subfield code="a">Wikipedia website, Jan. 2, 2020</subfield>
    <subfield code="b">(邓广铭 = Deng Guangming, resumed working at Beijing da xue from 1950)</subfield>
  </datafield>
  <datafield tag="678" ind1=" " ind2=" ">
    <subfield code="a">b. 1910</subfield>
  </datafield>
  <datafield tag="952" ind1=" " ind2=" ">
    <subfield code="a">RETRO</subfield>
  </datafield>
  <datafield tag="953" ind1=" " ind2=" ">
    <subfield code="a">xx00</subfield>
  </datafield>
</record>