
<record>
  <leader>01588cz  a2200277n  4500</leader>
  <controlfield tag="001">4408772</controlfield>
  <controlfield tag="003">DLC</controlfield>
  <controlfield tag="005">20200105123117.0</controlfield>
  <controlfield tag="008">890206nc azannaabn          |b aaa      </controlfield>
  <datafield tag="010" ind1=" " ind2=" ">
    <subfield code="a">n  88245922 </subfield>
  </datafield>
  <datafield tag="035" ind1=" " ind2=" ">
    <subfield code="a">(OCoLC)oca02452502</subfield>
  </datafield>
  <datafield tag="040" ind1=" " ind2=" ">
    <subfield code="a">DLC</subfield>
    <subfield code="b">eng</subfield>
    <subfield code="e">rda</subfield>
    <subfield code="c">DLC</subfield>
    <subfield code="d">OCoLC</subfield>
    <subfield code="d">DLC</subfield>
    <subfield code="d">HkUST</subfield>
    <subfield code="d">OCoLC</subfield>
    <subfield code="d">InU</subfield>
    <subfield code="d">DcWaGWGG</subfield>
  </datafield>
  <datafield tag="046" ind1=" " ind2=" ">
    <subfield code="f">1962-08</subfield>
    <subfield code="2">edtf</subfield>
  </datafield>
  <datafield tag="100" ind1="1" ind2=" ">
    <subfield code="a">Deng, Hongbo</subfield>
  </datafield>
  <datafield tag="370" ind1=" " ind2=" ">
    <subfield code="f">Lanshan Xian (China)</subfield>
    <subfield code="2">naf</subfield>
  </datafield>
  <datafield tag="400" ind1="1" ind2=" ">
    <subfield code="w">nne</subfield>
    <subfield code="a">Teng, Hung-po</subfield>
  </datafield>
  <datafield tag="400" ind1="1" ind2=" ">
    <subfield code="a">邓洪波</subfield>
  </datafield>
  <datafield tag="400" ind1="1" ind2=" ">
    <subfield code="a">鄧洪波</subfield>
  </datafield>
  <datafield tag="667" ind1=" " ind2=" ">
    <subfield code="a">Machine-derived non-Latin script reference project.</subfield>
  </datafield>
  <datafield tag="667" ind1=" " ind2=" ">
    <subfield code="a">Non-Latin script references not evaluated.</subfield>
  </datafield>
  <datafield tag="667" ind1=" " ind2=" ">
    <subfield code="a">Non-Latin script references reviewed in NACO CJK Funnel References Project.</subfield>
  </datafield>
  <datafield tag="670" ind1=" " ind2=" ">
    <subfield code="a">Zhongguo qi ye &quot;zou chu qu&quot; de chan ye fen xi, 2004:</subfield>
    <subfield code="b">(Deng Hongbo)</subfield>
  </datafield>
  <datafield tag="670" ind1=" " ind2=" ">
    <subfield code="a">OCLC, Dec. 9, 2019</subfield>
    <subfield code="b">(usage: 邓洪波 = Deng Hongbo; access point: 邓洪波 = Deng, Hongbo)</subfield>
  </datafield>
  <datafield tag="670" ind1=" " ind2=" ">
    <subfield code="a">Bai du bai ke, Jan. 3, 2020</subfield>
    <subfield code="b">(邓洪波 = Deng Hongbo;author of Zhongguo qi ye &quot;zou chu qu&quot; de chan ye fen xi, director of Beijing shi guo ji jing ji mao yi yan jiu suo; director of Beijing WTO shi wu zhong xin zhu ren; chief of the magazine Shi dai jing mao)</subfield>
    <subfield code="u">https://baike.baidu.com/item/%E9%82%93%E6%B4%AA%E6%B3%A2/20588074</subfield>
  </datafield>
  <datafield tag="670" ind1=" " ind2=" ">
    <subfield code="a">Zhongguo jing ji wang website, Jan. 3, 2020</subfield>
    <subfield code="b">(heading (Beijing dui Li Yan, Guo Wei, Deng Hongbo jin xing ren qian gong shi, July 12, 2012): 邓洪波 = Deng Hongbo; born Aug. 1962; native of Hunan Lanshan, BA graduated from Beijing nong xue yuan)</subfield>
    <subfield code="u">http://district.ce.cn/newarea/sddy/201207/12/t20120712_23484387.shtml</subfield>
  </datafield>
  <datafield tag="953" ind1=" " ind2=" ">
    <subfield code="a">bl13</subfield>
    <subfield code="b">yb10</subfield>
  </datafield>
</record>