
<record>
  <leader>00961cz  a2200217n  4500</leader>
  <controlfield tag="001">5211255</controlfield>
  <controlfield tag="003">DLC</controlfield>
  <controlfield tag="005">20200105123133.0</controlfield>
  <controlfield tag="008">001002n| azannaabn          |b aaa     c</controlfield>
  <datafield tag="010" ind1=" " ind2=" ">
    <subfield code="a">nr 00031055 </subfield>
  </datafield>
  <datafield tag="035" ind1=" " ind2=" ">
    <subfield code="a">(OCoLC)oca05331524</subfield>
  </datafield>
  <datafield tag="040" ind1=" " ind2=" ">
    <subfield code="a">NNC-EA</subfield>
    <subfield code="b">eng</subfield>
    <subfield code="c">NNC-EA</subfield>
    <subfield code="d">DLC-R</subfield>
    <subfield code="d">OCoLC</subfield>
    <subfield code="e">rda</subfield>
    <subfield code="d">DLC</subfield>
    <subfield code="d">CaLaUCEA</subfield>
  </datafield>
  <datafield tag="100" ind1="1" ind2=" ">
    <subfield code="a">Chŏng, Yun-jae</subfield>
  </datafield>
  <datafield tag="400" ind1="1" ind2=" ">
    <subfield code="a">정 윤재</subfield>
  </datafield>
  <datafield tag="400" ind1="1" ind2=" ">
    <subfield code="a">정윤재</subfield>
  </datafield>
  <datafield tag="667" ind1=" " ind2=" ">
    <subfield code="a">Machine-derived non-Latin script reference project.</subfield>
  </datafield>
  <datafield tag="667" ind1=" " ind2=" ">
    <subfield code="a">Non-Latin script references not evaluated.</subfield>
  </datafield>
  <datafield tag="667" ind1=" " ind2=" ">
    <subfield code="a">Non-Latin script references reviewed in NACO CJK Funnel References Project.</subfield>
  </datafield>
  <datafield tag="670" ind1=" " ind2=" ">
    <subfield code="a">Chung, Yoon-Jae</subfield>
  </datafield>
  <datafield tag="670" ind1=" " ind2=" ">
    <subfield code="a">Mirae Han&apos;guk ŭi chŏngch&apos;ijŏk lidŏsip, 1997:</subfield>
    <subfield code="b">t.p. (정 윤재 = Chŏng Yun-jae)</subfield>
  </datafield>
  <datafield tag="670" ind1=" " ind2=" ">
    <subfield code="a">Chang Myŏn, Yun Po-sŏn, Pak Chŏng-hŭi, 2001:</subfield>
    <subfield code="b">t.p. (정 윤재 = Chŏng Yun-jae) added t.p., etc. (chŏngch&apos;ihak paksa, Miguk Hawai Taehak; prof., Han&apos;guk Chŏngsin Munhwa Yŏn&apos;guwŏn; Chung Yoon-Jae [in rom.])</subfield>
  </datafield>
</record>