
<record>
  <leader>01376cz  a2200253n  4500</leader>
  <controlfield tag="001">5259342</controlfield>
  <controlfield tag="003">DLC</controlfield>
  <controlfield tag="005">20200105123133.0</controlfield>
  <controlfield tag="008">001214n| azannaabn          |b aaa      </controlfield>
  <datafield tag="010" ind1=" " ind2=" ">
    <subfield code="a">nr 00039195 </subfield>
  </datafield>
  <datafield tag="035" ind1=" " ind2=" ">
    <subfield code="a">(OCoLC)oca05378836</subfield>
  </datafield>
  <datafield tag="040" ind1=" " ind2=" ">
    <subfield code="a">DLC-R</subfield>
    <subfield code="b">eng</subfield>
    <subfield code="e">rda</subfield>
    <subfield code="c">DLC-R</subfield>
    <subfield code="d">OCoLC</subfield>
    <subfield code="d">DLC</subfield>
    <subfield code="d">HU</subfield>
  </datafield>
  <datafield tag="100" ind1="1" ind2=" ">
    <subfield code="a">Ch&apos;oe, Ŭn-su</subfield>
  </datafield>
  <datafield tag="372" ind1=" " ind2=" ">
    <subfield code="a">Education</subfield>
    <subfield code="2">lcsh</subfield>
  </datafield>
  <datafield tag="373" ind1=" " ind2=" ">
    <subfield code="a">Sungsil Taehakkyo (Seoul, Korea)</subfield>
    <subfield code="2">naf</subfield>
  </datafield>
  <datafield tag="374" ind1=" " ind2=" ">
    <subfield code="a">College teachers</subfield>
    <subfield code="2">lcsh</subfield>
  </datafield>
  <datafield tag="400" ind1="1" ind2=" ">
    <subfield code="a">崔 恩洙</subfield>
  </datafield>
  <datafield tag="400" ind1="1" ind2=" ">
    <subfield code="a">최 은수</subfield>
  </datafield>
  <datafield tag="667" ind1=" " ind2=" ">
    <subfield code="a">Machine-derived non-Latin script reference project.</subfield>
  </datafield>
  <datafield tag="667" ind1=" " ind2=" ">
    <subfield code="a">Non-Latin script references not evaluated.</subfield>
  </datafield>
  <datafield tag="667" ind1=" " ind2=" ">
    <subfield code="a">Non-Latin script references reviewed in NACO CJK Funnel References Project.</subfield>
  </datafield>
  <datafield tag="670" ind1=" " ind2=" ">
    <subfield code="a">Kohangnyŏk sirŏpcha illyŏk kaebal chŏngch&apos;aek, 2000:</subfield>
    <subfield code="b">t.p. (Ch&apos;oe Ŭn-su) colophon (grad., Sungsil Taehakkyo Yŏngmun Hakkwa; Ph.D., Univ. Southern California; prof., Sungsil Taehakkyo P&apos;yŏngsaeng Kyoyuk Hakkwa)</subfield>
  </datafield>
  <datafield tag="670" ind1=" " ind2=" ">
    <subfield code="a">Han&apos;guk taehak ŭi &quot;ttattŭthan pyŏnhwa&quot; wa lidŏsip ŭl mal hada, 2016:</subfield>
    <subfield code="b">t.p. (최 은수 = Ch&apos;oe Ŭn-su) colophon (Ph.D. in Education, University of Southern California; prof., Sungsil Taehakkyo P&apos;yŏngsaeng Kyoyuk Hakkwa; sojang, CR Global Leadership Yŏn&apos;guso)</subfield>
  </datafield>
  <datafield tag="670" ind1=" " ind2=" ">
    <subfield code="a">OCLC #40630069, January 4, 2020$b(access point: 崔 恩洙 = 최 은수 = Ch&apos;oe, Ŭn-su; usage: 崔 恩洙 = 최 은수 = Ch&apos;oe Ŭn-su)</subfield>
  </datafield>
</record>