
<record>
  <leader>02660cz  a2200325n  4500</leader>
  <controlfield tag="001">5275456</controlfield>
  <controlfield tag="003">DLC</controlfield>
  <controlfield tag="005">20200105123133.0</controlfield>
  <controlfield tag="008">010109n| azannaabn          |b aaa      </controlfield>
  <datafield tag="010" ind1=" " ind2=" ">
    <subfield code="a">nr2001000742</subfield>
  </datafield>
  <datafield tag="035" ind1=" " ind2=" ">
    <subfield code="a">(OCoLC)oca05393323</subfield>
  </datafield>
  <datafield tag="040" ind1=" " ind2=" ">
    <subfield code="a">DLC-R</subfield>
    <subfield code="b">eng</subfield>
    <subfield code="e">rda</subfield>
    <subfield code="c">DLC-R</subfield>
    <subfield code="d">OCoLC</subfield>
    <subfield code="d">DLC</subfield>
    <subfield code="d">CaLaUCEA</subfield>
  </datafield>
  <datafield tag="046" ind1=" " ind2=" ">
    <subfield code="f">1965</subfield>
    <subfield code="2">edtf</subfield>
  </datafield>
  <datafield tag="053" ind1=" " ind2="0">
    <subfield code="a">PL992.2.Y625</subfield>
  </datafield>
  <datafield tag="100" ind1="1" ind2=" ">
    <subfield code="a">Chŏng, Yŏng-mun,</subfield>
    <subfield code="d">1965-</subfield>
  </datafield>
  <datafield tag="370" ind1=" " ind2=" ">
    <subfield code="a">Hamyang (South Korea)</subfield>
  </datafield>
  <datafield tag="373" ind1=" " ind2=" ">
    <subfield code="a">Seoul National University</subfield>
    <subfield code="a">Iowa State University</subfield>
    <subfield code="a">University of California at Berkeley</subfield>
  </datafield>
  <datafield tag="374" ind1=" " ind2=" ">
    <subfield code="a">Author</subfield>
    <subfield code="a">Translator</subfield>
    <subfield code="a">Teacher</subfield>
  </datafield>
  <datafield tag="375" ind1=" " ind2=" ">
    <subfield code="a">male</subfield>
  </datafield>
  <datafield tag="377" ind1=" " ind2=" ">
    <subfield code="a">kor</subfield>
    <subfield code="a">eng</subfield>
  </datafield>
  <datafield tag="400" ind1="1" ind2=" ">
    <subfield code="a">정 영문,</subfield>
    <subfield code="d">1965-</subfield>
  </datafield>
  <datafield tag="400" ind1="1" ind2=" ">
    <subfield code="a">정영문,</subfield>
    <subfield code="d">1965-</subfield>
  </datafield>
  <datafield tag="400" ind1="1" ind2=" ">
    <subfield code="a">Jung, Young-moon,</subfield>
    <subfield code="d">1965-</subfield>
  </datafield>
  <datafield tag="667" ind1=" " ind2=" ">
    <subfield code="a">Machine-derived non-Latin script reference project.</subfield>
  </datafield>
  <datafield tag="667" ind1=" " ind2=" ">
    <subfield code="a">Non-Latin script references not evaluated.</subfield>
  </datafield>
  <datafield tag="667" ind1=" " ind2=" ">
    <subfield code="a">Non-Latin script references reviewed in NACO CJK Funnel References Project.</subfield>
  </datafield>
  <datafield tag="670" ind1=" " ind2=" ">
    <subfield code="a">P&apos;itki ŏmnŭn tokpaek, 2000:</subfield>
    <subfield code="b">t.p. (정 영문 = Chŏng Yŏng-mun) front flap (b. 1965 in Kyŏngnam Hamyang; grad., Sŏuldae Simni Hakkwa)</subfield>
  </datafield>
  <datafield tag="670" ind1=" " ind2=" ">
    <subfield code="a">A Most Ambiguous Sunday, and Other Stories, 2013:</subfield>
    <subfield code="b">ECIP t.p. (Jung Young-moon) data view (Novelist, short-story writer, translator, playwright, and teacher, Jung Young-moon was born in Hamyang, South Korea, in 1965. He graduated from Seoul National University with a degree in psychology. He made his literary debut in 1996 when his novel A Man Who Barely Exists. He has also translated more than forty English books into Korean)</subfield>
  </datafield>
  <datafield tag="670" ind1=" " ind2=" ">
    <subfield code="a">Amazon.com website, viewed Jan. 13, 2017:</subfield>
    <subfield code="b">(Jung Young Moon was born in Hamyang, South Gyeongsang Province, South Korea in 1965. He graduated from Seoul National University with a degree in psychology. He made his literary début in 1996 with the novel A Man Who Barely Exists. Jung is also an accomplished translator who has translated more than forty books from English into Korean, including works by John Fowles, Raymond Carver, and Germaine Greer. In 1999 he won the 12th Dongseo Literary Award with his collection of short stories, A Chain of Dark Tales. In 2005 Jung was invited to participate in the University of Iowa&apos;s International Writing Program, and in 2010 the University of California at Berkeley&apos;s Center for Korean Study invited him to participate in a three-month-long residency program. in 2012, he won the Han Moo-suk Literary Award, the Dong-in Literary Award, and the Daesan Literary Award for his novel A Contrived World, which is forthcoming from Dalkey Archive, who also published his short story collection A Most Ambiguous Sunday and Other Stories in 2014)</subfield>
  </datafield>
  <datafield tag="953" ind1=" " ind2=" ">
    <subfield code="b">xk14</subfield>
  </datafield>
</record>