
<record>
  <leader>01160cz  a2200277n  4500</leader>
  <controlfield tag="001">5281709</controlfield>
  <controlfield tag="003">DLC</controlfield>
  <controlfield tag="005">20200105123131.0</controlfield>
  <controlfield tag="008">010122n| azannaabn          |b aaa      </controlfield>
  <datafield tag="010" ind1=" " ind2=" ">
    <subfield code="a">nr2001002249</subfield>
  </datafield>
  <datafield tag="035" ind1=" " ind2=" ">
    <subfield code="a">(OCoLC)oca05400410</subfield>
  </datafield>
  <datafield tag="040" ind1=" " ind2=" ">
    <subfield code="a">DLC-R</subfield>
    <subfield code="b">eng</subfield>
    <subfield code="c">DLC-R</subfield>
    <subfield code="d">OCoLC</subfield>
    <subfield code="d">DLC</subfield>
    <subfield code="e">rda</subfield>
    <subfield code="d">HU</subfield>
  </datafield>
  <datafield tag="046" ind1=" " ind2=" ">
    <subfield code="f">1952-07-07</subfield>
    <subfield code="2">edtf</subfield>
  </datafield>
  <datafield tag="100" ind1="1" ind2=" ">
    <subfield code="a">Ch&apos;oe, Yŏng-jin,</subfield>
    <subfield code="d">1952-</subfield>
  </datafield>
  <datafield tag="400" ind1="1" ind2=" ">
    <subfield code="a">최 영진,</subfield>
    <subfield code="d">1952-</subfield>
  </datafield>
  <datafield tag="400" ind1="1" ind2=" ">
    <subfield code="a">최영진,</subfield>
    <subfield code="d">1952-</subfield>
  </datafield>
  <datafield tag="400" ind1="1" ind2=" ">
    <subfield code="a">崔英辰,</subfield>
    <subfield code="d">1952-</subfield>
  </datafield>
  <datafield tag="400" ind1="1" ind2=" ">
    <subfield code="a">崔 英辰,</subfield>
    <subfield code="d">1952-</subfield>
  </datafield>
  <datafield tag="400" ind1="1" ind2=" ">
    <subfield code="a">Cui, Yingchen,</subfield>
    <subfield code="d">1952-</subfield>
  </datafield>
  <datafield tag="667" ind1=" " ind2=" ">
    <subfield code="a">Machine-derived non-Latin script reference project.</subfield>
  </datafield>
  <datafield tag="667" ind1=" " ind2=" ">
    <subfield code="a">Non-Latin script references not evaluated.</subfield>
  </datafield>
  <datafield tag="667" ind1=" " ind2=" ">
    <subfield code="a">Non-Latin script references reviewed in NACO CJK Funnel References Project.</subfield>
  </datafield>
  <datafield tag="670" ind1=" " ind2=" ">
    <subfield code="a">Chosŏn mal sirhakcha Ch&apos;oe Han-gi ŭi ch&apos;ŏrhak kwa sasang, 2000:</subfield>
    <subfield code="b">t.p. (Ch&apos;oe Yŏng-jin) p. 421 (Ph.D., Sŏnggyun&apos;gwan Taehakkyo; prof., Sŏnggyun&apos;gwan Taehakkyo Tongyang Hakpu; pu-hoejang, Han&apos;guk Sasangsa Hakhoe)</subfield>
  </datafield>
  <datafield tag="670" ind1=" " ind2=" ">
    <subfield code="a">His Hanguo ru xue si xiang yan jiu, 2008:</subfield>
    <subfield code="b">t.p. (崔英辰 = Cui Yingchen)</subfield>
  </datafield>
  <datafield tag="670" ind1=" " ind2=" ">
    <subfield code="a">Taehak yg., 1994</subfield>
    <subfield code="b">(Ch&apos;oe Yŏng-jin; b. Jul. 7, 1952)</subfield>
  </datafield>
  <datafield tag="953" ind1=" " ind2=" ">
    <subfield code="a">xx00</subfield>
    <subfield code="b">cc09</subfield>
  </datafield>
</record>