
<record>
  <leader>00578cz  a2200157n  4500</leader>
  <controlfield tag="001">5349497</controlfield>
  <controlfield tag="003">DLC</controlfield>
  <controlfield tag="005">20200105232543.0</controlfield>
  <controlfield tag="008">010315n| azannaabn          |a ana     c</controlfield>
  <datafield tag="010" ind1=" " ind2=" ">
    <subfield code="a">nr2001008827</subfield>
  </datafield>
  <datafield tag="035" ind1=" " ind2=" ">
    <subfield code="a">(DLC)nr2001008827</subfield>
  </datafield>
  <datafield tag="040" ind1=" " ind2=" ">
    <subfield code="a">NIC</subfield>
    <subfield code="b">eng</subfield>
    <subfield code="c">NIC</subfield>
    <subfield code="d">DLC</subfield>
    <subfield code="e">rda</subfield>
  </datafield>
  <datafield tag="110" ind1="2" ind2=" ">
    <subfield code="a">Phāsāt hin Vat Phū (Champasak, Laos)</subfield>
  </datafield>
  <datafield tag="410" ind1="2" ind2=" ">
    <subfield code="a">Vat Phū (Champasak, Laos)</subfield>
  </datafield>
  <datafield tag="410" ind1="2" ind2=" ">
    <subfield code="a">Vat Phou (Champasak, Laos)</subfield>
  </datafield>
  <datafield tag="670" ind1=" " ind2=" ">
    <subfield code="a">Phāsāt hin Vat Phū Čhampāsak, 1999:</subfield>
    <subfield code="b">title frames (Phāsāt hin Vat Phū Čhampāsak) container (Vat Phū, Khwǣng Čhampāsak = Vat Phou [in Rom.])</subfield>
  </datafield>
</record>