
<record>
  <leader>00978cz  a2200217n  4500</leader>
  <controlfield tag="001">5400522</controlfield>
  <controlfield tag="003">DLC</controlfield>
  <controlfield tag="005">20200105123131.0</controlfield>
  <controlfield tag="008">010619n| azannaabn          |b aaa      </controlfield>
  <datafield tag="010" ind1=" " ind2=" ">
    <subfield code="a">nr2001023849</subfield>
  </datafield>
  <datafield tag="035" ind1=" " ind2=" ">
    <subfield code="a">(OCoLC)oca05516691</subfield>
  </datafield>
  <datafield tag="040" ind1=" " ind2=" ">
    <subfield code="a">DLC-R</subfield>
    <subfield code="b">eng</subfield>
    <subfield code="e">rda</subfield>
    <subfield code="c">DLC-R</subfield>
    <subfield code="d">OCoLC</subfield>
    <subfield code="d">ICU</subfield>
    <subfield code="d">CaLaUCEA</subfield>
  </datafield>
  <datafield tag="046" ind1=" " ind2=" ">
    <subfield code="f">1963-09-23</subfield>
    <subfield code="2">edtf</subfield>
  </datafield>
  <datafield tag="100" ind1="1" ind2=" ">
    <subfield code="a">Chŏng, Sun-hŭi,</subfield>
    <subfield code="d">1963-</subfield>
  </datafield>
  <datafield tag="400" ind1="1" ind2=" ">
    <subfield code="a">정 순희,</subfield>
    <subfield code="d">1963-</subfield>
  </datafield>
  <datafield tag="400" ind1="1" ind2=" ">
    <subfield code="a">정순희,</subfield>
    <subfield code="d">1963-</subfield>
  </datafield>
  <datafield tag="667" ind1=" " ind2=" ">
    <subfield code="a">Machine-derived non-Latin script reference project.</subfield>
  </datafield>
  <datafield tag="667" ind1=" " ind2=" ">
    <subfield code="a">Non-Latin script references not evaluated.</subfield>
  </datafield>
  <datafield tag="667" ind1=" " ind2=" ">
    <subfield code="a">Non-Latin script references reviewed in NACO CJK Funnel References Project.</subfield>
  </datafield>
  <datafield tag="670" ind1=" " ind2=" ">
    <subfield code="a">Han&apos;guk chungsanch&apos;ŭng ŭi saenghwal munhwa, 2000:</subfield>
    <subfield code="b">t.p. (정 순희 = Chŏng Sun-hŭi) colophon (grad., Ihwa Yŏja Taehakkyo Kajŏng Kwalli Hakkwa; kajok kyŏngjehak paksa, Illinois State Univ.; prof., Ihwa Yŏja Taehakkyo Inʼgan Paltal Hakkwa)</subfield>
  </datafield>
  <datafield tag="670" ind1=" " ind2=" ">
    <subfield code="a">Taehak yg., 1996</subfield>
    <subfield code="b">(Chŏng Sun-hŭi; b. Sept. 23, 1963)</subfield>
  </datafield>
</record>