
<record>
  <leader>01422cz  a2200289n  4500</leader>
  <controlfield tag="001">5478729</controlfield>
  <controlfield tag="003">DLC</controlfield>
  <controlfield tag="005">20200105123133.0</controlfield>
  <controlfield tag="008">010920n| azannaabn          |b aaa      </controlfield>
  <datafield tag="010" ind1=" " ind2=" ">
    <subfield code="a">nr2001038484</subfield>
    <subfield code="z">no2008073009</subfield>
  </datafield>
  <datafield tag="035" ind1=" " ind2=" ">
    <subfield code="a">(OCoLC)oca05593761</subfield>
  </datafield>
  <datafield tag="040" ind1=" " ind2=" ">
    <subfield code="a">DLC-R</subfield>
    <subfield code="b">eng</subfield>
    <subfield code="c">DLC-R</subfield>
    <subfield code="d">DLC-R</subfield>
    <subfield code="d">OCoLC</subfield>
    <subfield code="d">DLC</subfield>
    <subfield code="e">rda</subfield>
    <subfield code="d">HU</subfield>
  </datafield>
  <datafield tag="046" ind1=" " ind2=" ">
    <subfield code="f">1966</subfield>
    <subfield code="2">edtf</subfield>
  </datafield>
  <datafield tag="100" ind1="1" ind2=" ">
    <subfield code="a">Ch&apos;oe, Wŏn-o</subfield>
  </datafield>
  <datafield tag="400" ind1="1" ind2=" ">
    <subfield code="a">崔元午</subfield>
  </datafield>
  <datafield tag="400" ind1="1" ind2=" ">
    <subfield code="a">최원오</subfield>
  </datafield>
  <datafield tag="400" ind1="1" ind2=" ">
    <subfield code="a">최 원오</subfield>
  </datafield>
  <datafield tag="400" ind1="1" ind2=" ">
    <subfield code="a">崔 元午</subfield>
  </datafield>
  <datafield tag="400" ind1="1" ind2=" ">
    <subfield code="a">Choi, Won-Oh</subfield>
  </datafield>
  <datafield tag="667" ind1=" " ind2=" ">
    <subfield code="a">Machine-derived non-Latin script reference project.</subfield>
  </datafield>
  <datafield tag="667" ind1=" " ind2=" ">
    <subfield code="a">Non-Latin script references not evaluated.</subfield>
  </datafield>
  <datafield tag="667" ind1=" " ind2=" ">
    <subfield code="a">Non-Latin script references reviewed in NACO CJK Funnel References Project.</subfield>
  </datafield>
  <datafield tag="670" ind1=" " ind2=" ">
    <subfield code="a">Manjok ŭi musok kwa muga, 2000-:</subfield>
    <subfield code="b">v. 1, t.p. (Ch&apos;oe Wŏn-o)</subfield>
  </datafield>
  <datafield tag="670" ind1=" " ind2=" ">
    <subfield code="a">Tong  Asia pigyo sŏsa sihak, 2001:</subfield>
    <subfield code="b">t.p. (Ch&apos;oe Wŏn-o) colophon (b. 1966 in Chŏnnam Muan; munhak paksa, Sŏultae; yŏn&apos;gu kyosu, Mokpodae Tosŏ Munhwa Yŏn&apos;guso)</subfield>
  </datafield>
  <datafield tag="670" ind1=" " ind2=" ">
    <subfield code="a">An illustrated guide to Korean mythology, 2008:</subfield>
    <subfield code="b">t.p. (Choi Won-Oh) jkt. flap (Ph. D. in Korean literature from Seoul National Univ.; teaches Korean oral literature at the Univ. of Seoul and works as General Business Director in the Society of Korean Oral Literature)</subfield>
  </datafield>
  <datafield tag="670" ind1=" " ind2=" ">
    <subfield code="a">OCLC #48077123, January 4, 2020</subfield>
    <subfield code="b">(access point: 崔 元午 = 최 원오 = Ch&apos;oe, Wŏn-o; usage: 崔 元午 = 최 원오 = Ch&apos;oe Wŏn-o)</subfield>
  </datafield>
  <datafield tag="953" ind1=" " ind2=" ">
    <subfield code="b">cf05</subfield>
  </datafield>
</record>