
<record>
  <leader>01713cz  a2200289n  4500</leader>
  <controlfield tag="001">5721118</controlfield>
  <controlfield tag="003">DLC</controlfield>
  <controlfield tag="005">20200105123138.0</controlfield>
  <controlfield tag="008">020805n| azannaabn          |b aaa      </controlfield>
  <datafield tag="010" ind1=" " ind2=" ">
    <subfield code="a">nr2002028900</subfield>
  </datafield>
  <datafield tag="035" ind1=" " ind2=" ">
    <subfield code="a">(OCoLC)oca05832640</subfield>
  </datafield>
  <datafield tag="040" ind1=" " ind2=" ">
    <subfield code="a">DLC-R</subfield>
    <subfield code="b">eng</subfield>
    <subfield code="c">DLC-R</subfield>
    <subfield code="d">OCoLC</subfield>
    <subfield code="e">rda</subfield>
    <subfield code="d">InU</subfield>
    <subfield code="d">ICrlF</subfield>
    <subfield code="d">DLC</subfield>
    <subfield code="d">CaLaUCEA</subfield>
  </datafield>
  <datafield tag="046" ind1=" " ind2=" ">
    <subfield code="f">1953</subfield>
    <subfield code="2">edtf</subfield>
  </datafield>
  <datafield tag="100" ind1="1" ind2=" ">
    <subfield code="a">Chŏng, Yŏng-mok,</subfield>
    <subfield code="d">1953-</subfield>
  </datafield>
  <datafield tag="372" ind1=" " ind2=" ">
    <subfield code="a">Art</subfield>
    <subfield code="2">lcsh</subfield>
  </datafield>
  <datafield tag="373" ind1=" " ind2=" ">
    <subfield code="a">University of Illinois at Urbana-Champaign</subfield>
    <subfield code="a">Sungmyŏng Yŏja Taehakkyo</subfield>
    <subfield code="a">Sŏul Taehakkyo. Misul Taehak</subfield>
    <subfield code="2">naf</subfield>
  </datafield>
  <datafield tag="374" ind1=" " ind2=" ">
    <subfield code="a">College teachers</subfield>
    <subfield code="2">lcsh</subfield>
  </datafield>
  <datafield tag="377" ind1=" " ind2=" ">
    <subfield code="a">kor</subfield>
    <subfield code="a">eng</subfield>
  </datafield>
  <datafield tag="400" ind1="1" ind2=" ">
    <subfield code="a">Chung, Young-mok,</subfield>
    <subfield code="d">1953-</subfield>
  </datafield>
  <datafield tag="400" ind1="1" ind2=" ">
    <subfield code="a">정 영목,</subfield>
    <subfield code="d">1953-</subfield>
  </datafield>
  <datafield tag="400" ind1="1" ind2=" ">
    <subfield code="a">鄭 榮沐,</subfield>
    <subfield code="d">1953-</subfield>
  </datafield>
  <datafield tag="667" ind1=" " ind2=" ">
    <subfield code="a">Machine-derived non-Latin script reference project.</subfield>
  </datafield>
  <datafield tag="667" ind1=" " ind2=" ">
    <subfield code="a">Non-Latin script references not evaluated.</subfield>
  </datafield>
  <datafield tag="667" ind1=" " ind2=" ">
    <subfield code="a">Non-Latin script references reviewed in NACO CJK Funnel References Project.</subfield>
  </datafield>
  <datafield tag="670" ind1=" " ind2=" ">
    <subfield code="a">Sabulsan Yunp&apos;iram, 2001:</subfield>
    <subfield code="b">t.p. (정 영목 = Chŏng Yŏng-mok) jkt. (b. 1953 in Ch&apos;ungbuk Okch&apos;ŏn; misurhak, Miaguk Illinoi Taehakkyo; asso. prof., Sŏuldae Misul Taehak)</subfield>
  </datafield>
  <datafield tag="670" ind1=" " ind2=" ">
    <subfield code="a">Postmodern art in Korea, 2015:</subfield>
    <subfield code="b">title page (Chung Young-mok) inside front cover (Former Assistant Professor of Dept. of Painting, Sookmyung Women&apos;s University; Professor of the College of Fine Arts, Seoul National University)</subfield>
  </datafield>
  <datafield tag="670" ind1=" " ind2=" ">
    <subfield code="a">Hwaga Kim Pyŏng-gi, hyŏndae hoehwa ŭi tarin, 2019:</subfield>
    <subfield code="b">t.p. (정 영목 = Chŏng Yŏng-mok) front flap (鄭 榮沐; Chung, Young-Mok [in rom.]; b. 1953 in Ch&apos;ungbuk Okch&apos;ŏn; misuk sahak paksa, University of Illinois at Urbana-Champaign; ex asst. prof., Sungmyŏng Yŏja Taehakkyo Misul Taehak Hoehwakwa; prof., Soul Taehakkyo Misul Taehak Sŏyanghwakwa)</subfield>
  </datafield>
</record>