
<record>
  <leader>01468cz  a2200277n  4500</leader>
  <controlfield tag="001">5812011</controlfield>
  <controlfield tag="003">DLC</controlfield>
  <controlfield tag="005">20200105123141.0</controlfield>
  <controlfield tag="008">021125n| azannaabn          |b aaa      </controlfield>
  <datafield tag="010" ind1=" " ind2=" ">
    <subfield code="a">n 2002044395</subfield>
    <subfield code="z">n 2007059848</subfield>
  </datafield>
  <datafield tag="035" ind1=" " ind2=" ">
    <subfield code="a">(OCoLC)oca05920925</subfield>
  </datafield>
  <datafield tag="040" ind1=" " ind2=" ">
    <subfield code="a">DLC</subfield>
    <subfield code="b">eng</subfield>
    <subfield code="c">DLC</subfield>
    <subfield code="d">DLC</subfield>
    <subfield code="e">rda</subfield>
    <subfield code="d">OCoLC</subfield>
    <subfield code="d">MdRoLAC</subfield>
  </datafield>
  <datafield tag="046" ind1=" " ind2=" ">
    <subfield code="f">1965-03-28</subfield>
    <subfield code="2">edtf</subfield>
  </datafield>
  <datafield tag="100" ind1="1" ind2=" ">
    <subfield code="a">Zhu, Ying,</subfield>
    <subfield code="d">1965-</subfield>
  </datafield>
  <datafield tag="372" ind1=" " ind2=" ">
    <subfield code="a">Communication</subfield>
    <subfield code="a">Motion pictures</subfield>
    <subfield code="2">lcsh</subfield>
  </datafield>
  <datafield tag="373" ind1=" " ind2=" ">
    <subfield code="a">College of Staten Island</subfield>
    <subfield code="2">naf</subfield>
  </datafield>
  <datafield tag="374" ind1=" " ind2=" ">
    <subfield code="a">College teachers</subfield>
    <subfield code="2">lcsh</subfield>
  </datafield>
  <datafield tag="375" ind1=" " ind2=" ">
    <subfield code="a">Females</subfield>
    <subfield code="2">lcdgt</subfield>
  </datafield>
  <datafield tag="400" ind1="1" ind2=" ">
    <subfield code="a">Ying, Zhu,</subfield>
    <subfield code="d">1965-</subfield>
  </datafield>
  <datafield tag="400" ind1="1" ind2=" ">
    <subfield code="a">朱影,</subfield>
    <subfield code="d">1965-</subfield>
  </datafield>
  <datafield tag="667" ind1=" " ind2=" ">
    <subfield code="a">Machine-derived non-Latin script reference project.</subfield>
  </datafield>
  <datafield tag="667" ind1=" " ind2=" ">
    <subfield code="a">Non-Latin script reference not evaluated.</subfield>
  </datafield>
  <datafield tag="670" ind1=" " ind2=" ">
    <subfield code="a">Chinese cinema during the era of reform, 2003:</subfield>
    <subfield code="b">t.p. (Ying Zhu) data sheet (b. Mar. 28,1965) CIP galley (Assistant professor of media culture at the College of Staten Island, City Univ. of New York)</subfield>
  </datafield>
  <datafield tag="670" ind1=" " ind2=" ">
    <subfield code="a">Phone call to Praeger Publishers, Nov. 25, 2002 (Zhu, Ying; Her first pub.)</subfield>
  </datafield>
  <datafield tag="670" ind1=" " ind2=" ">
    <subfield code="a">Webpage for the book, Soft Power With Chinese Characteristics, viewed 4 January 2020:</subfield>
    <subfield code="b">(Ying Zhu is Professor of Cinema Studies at the City University of New York, USA, and Director of the Center for Film and Moving Image Research at Hong Kong Baptist University. Her...)</subfield>
    <subfield code="u">https://www.routledge.com/Soft-Power-With-Chinese-Characteristics-Chinas-Campaign-for-Hearts/Edney-Rosen-Zhu/p/book/9781138631656#authorbio</subfield>
  </datafield>
  <datafield tag="953" ind1=" " ind2=" ">
    <subfield code="a">lg23</subfield>
    <subfield code="b">ta69</subfield>
  </datafield>
</record>