
<record>
  <leader>00916cz  a2200205n  4500</leader>
  <controlfield tag="001">5869221</controlfield>
  <controlfield tag="003">DLC</controlfield>
  <controlfield tag="005">20200105123141.0</controlfield>
  <controlfield tag="008">030214n| azannaabn          |b aaa      </controlfield>
  <datafield tag="010" ind1=" " ind2=" ">
    <subfield code="a">nr2003005102</subfield>
  </datafield>
  <datafield tag="035" ind1=" " ind2=" ">
    <subfield code="a">(OCoLC)oca05976393</subfield>
  </datafield>
  <datafield tag="040" ind1=" " ind2=" ">
    <subfield code="a">DLC-R</subfield>
    <subfield code="b">eng</subfield>
    <subfield code="c">DLC-R</subfield>
    <subfield code="d">OCoLC</subfield>
    <subfield code="e">rda</subfield>
    <subfield code="d">DLC</subfield>
    <subfield code="d">CaLaUCEA</subfield>
  </datafield>
  <datafield tag="046" ind1=" " ind2=" ">
    <subfield code="f">1948</subfield>
    <subfield code="2">edtf</subfield>
  </datafield>
  <datafield tag="100" ind1="1" ind2=" ">
    <subfield code="a">Chŏng, Sang-mo,</subfield>
    <subfield code="d">1948-</subfield>
  </datafield>
  <datafield tag="400" ind1="1" ind2=" ">
    <subfield code="a">정 상모,</subfield>
    <subfield code="d">1948-</subfield>
  </datafield>
  <datafield tag="400" ind1="1" ind2=" ">
    <subfield code="a">정상모,</subfield>
    <subfield code="d">1948-</subfield>
  </datafield>
  <datafield tag="667" ind1=" " ind2=" ">
    <subfield code="a">Machine-derived non-Latin script reference project.</subfield>
  </datafield>
  <datafield tag="667" ind1=" " ind2=" ">
    <subfield code="a">Non-Latin script references not evaluated.</subfield>
  </datafield>
  <datafield tag="667" ind1=" " ind2=" ">
    <subfield code="a">Non-Latin script references reviewed in NACO CJK Funnel References Project.</subfield>
  </datafield>
  <datafield tag="670" ind1=" " ind2=" ">
    <subfield code="a">Sin naengjŏn kudo wa p&apos;yŏnghwa, 2002:</subfield>
    <subfield code="b">colophon (정 상모 = Chŏng Sang-mo) front flap (b. 1948 in Ch&apos;ungnam Kŭmsan; grad., Sŏul Taehakkyo Illyu Hakkwa; pu-kukchang, Han&apos;gyŏre Sinmun P&apos;yŏnjipkuk; chŏnmun wiwŏn, Munhwa Pangsong T&apos;ongil Pangsong Yŏn&apos;guso)</subfield>
  </datafield>
</record>