
<record>
  <leader>01076cz  a2200241n  4500</leader>
  <controlfield tag="001">6029503</controlfield>
  <controlfield tag="003">DLC</controlfield>
  <controlfield tag="005">20200105123114.0</controlfield>
  <controlfield tag="008">030820n| azannaabn          |b aaa      </controlfield>
  <datafield tag="010" ind1=" " ind2=" ">
    <subfield code="a">nr2003027236</subfield>
  </datafield>
  <datafield tag="035" ind1=" " ind2=" ">
    <subfield code="a">(OCoLC)oca06135090</subfield>
  </datafield>
  <datafield tag="040" ind1=" " ind2=" ">
    <subfield code="a">DLC-R</subfield>
    <subfield code="b">eng</subfield>
    <subfield code="e">rda</subfield>
    <subfield code="c">DLC-R</subfield>
    <subfield code="d">OCoLC</subfield>
    <subfield code="d">DLC</subfield>
    <subfield code="d">HU</subfield>
  </datafield>
  <datafield tag="046" ind1=" " ind2=" ">
    <subfield code="f">1964</subfield>
    <subfield code="2">edtf</subfield>
  </datafield>
  <datafield tag="100" ind1="1" ind2=" ">
    <subfield code="a">Ch&apos;oe, Yong-baek</subfield>
  </datafield>
  <datafield tag="374" ind1=" " ind2=" ">
    <subfield code="a">Photographers</subfield>
    <subfield code="2">lcsh</subfield>
  </datafield>
  <datafield tag="400" ind1="1" ind2=" ">
    <subfield code="a">최 용백</subfield>
  </datafield>
  <datafield tag="400" ind1="1" ind2=" ">
    <subfield code="a">崔 龍伯</subfield>
  </datafield>
  <datafield tag="400" ind1="1" ind2=" ">
    <subfield code="a">Choi, Yong Baeg</subfield>
  </datafield>
  <datafield tag="667" ind1=" " ind2=" ">
    <subfield code="a">Machine-derived non-Latin script reference project.</subfield>
  </datafield>
  <datafield tag="667" ind1=" " ind2=" ">
    <subfield code="a">Non-Latin script references not evaluated.</subfield>
  </datafield>
  <datafield tag="667" ind1=" " ind2=" ">
    <subfield code="a">Non-Latin script references reviewed in NACO CJK Funnel References Project.</subfield>
  </datafield>
  <datafield tag="670" ind1=" " ind2=" ">
    <subfield code="a">Kanghwado, 2003:</subfield>
    <subfield code="b">t.p. (Ch&apos;oe Yong-baek; photographer) front flap (grad., Chaenŭng Taehak Sajin Yŏngsangkwa)</subfield>
  </datafield>
  <datafield tag="670" ind1=" " ind2=" ">
    <subfield code="a">Paengnyŏngdo, p&apos;yŏnghwa rŭl p&apos;umta, 2013:</subfield>
    <subfield code="b">t.p. (최 용백 = Ch&apos;oe Yong-baek) p. 173 (b. 1964 in Chŏlla-namdo Posŏng; misurhak sŏksa, Kach&apos;ŏn Taehakkyo Tijain Taehagwŏn P&apos;ot&apos;ogŭrap&apos;i chŏn&apos;gong; 崔 龍伯; Choi Yong Baeg [in rom.]; photographer)</subfield>
  </datafield>
</record>