
<record>
  <leader>01106cz  a2200229n  4500</leader>
  <controlfield tag="001">6205020</controlfield>
  <controlfield tag="003">DLC</controlfield>
  <controlfield tag="005">20200105123115.0</controlfield>
  <controlfield tag="008">040323n| azannaabn          |b aaa      </controlfield>
  <datafield tag="010" ind1=" " ind2=" ">
    <subfield code="a">nr2004009128</subfield>
  </datafield>
  <datafield tag="035" ind1=" " ind2=" ">
    <subfield code="a">(OCoLC)oca06307881</subfield>
  </datafield>
  <datafield tag="040" ind1=" " ind2=" ">
    <subfield code="a">DLC-R</subfield>
    <subfield code="b">eng</subfield>
    <subfield code="e">rda</subfield>
    <subfield code="c">DLC-R</subfield>
    <subfield code="d">DLC</subfield>
    <subfield code="d">OCoLC</subfield>
    <subfield code="d">MH-P</subfield>
    <subfield code="d">CaLaUCEA</subfield>
  </datafield>
  <datafield tag="100" ind1="1" ind2=" ">
    <subfield code="a">Chŏng, Su-il</subfield>
  </datafield>
  <datafield tag="400" ind1="1" ind2=" ">
    <subfield code="a">정 수일</subfield>
  </datafield>
  <datafield tag="400" ind1="1" ind2=" ">
    <subfield code="a">정수일</subfield>
  </datafield>
  <datafield tag="400" ind1="1" ind2=" ">
    <subfield code="a">Zheng, Shouyi</subfield>
    <subfield code="c">(Historian)</subfield>
  </datafield>
  <datafield tag="667" ind1=" " ind2=" ">
    <subfield code="a">Machine-derived non-Latin script reference project.</subfield>
  </datafield>
  <datafield tag="667" ind1=" " ind2=" ">
    <subfield code="a">Non-Latin script references not evaluated.</subfield>
  </datafield>
  <datafield tag="667" ind1=" " ind2=" ">
    <subfield code="a">Non-Latin script references reviewed in NACO CJK Funnel References Project.</subfield>
  </datafield>
  <datafield tag="670" ind1=" " ind2=" ">
    <subfield code="a">Munmyŏng ŭi rut&apos;ŭ Silk&apos;ŭ rodŭ, 2002:</subfield>
    <subfield code="b">t.p. (정 수일 = Chŏng Su-il) colophon (b. Chungguk Yŏnbyŏn; grad., Pukkyŏng Taehakkyo Tongbang Hakpu; prof., P&apos;yŏngyang Kukche Kwan&apos;gye Taehakkyo, and Pyŏngyang Oegugŏ Taehakkyo Tongbang Hakpu; munhak paksa, Tongguk Taehakkyo Sahakkwa; prof., Tongguk Taehakkyo Sahakkwa; Zheng, Shouyi [Chi. r.] )</subfield>
  </datafield>
  <datafield tag="675" ind1=" " ind2=" ">
    <subfield code="a">Han&apos;guk taehak yg., 1998-1999;</subfield>
    <subfield code="a">Sarip taehak kyowŏn myŏngbu, 1996</subfield>
  </datafield>
  <datafield tag="953" ind1=" " ind2=" ">
    <subfield code="b">yc25</subfield>
  </datafield>
</record>