
<record>
  <leader>01229cz  a2200229n  4500</leader>
  <controlfield tag="001">6292450</controlfield>
  <controlfield tag="003">DLC</controlfield>
  <controlfield tag="005">20200105123139.0</controlfield>
  <controlfield tag="008">040713n| azannaabn          |b aaa      </controlfield>
  <datafield tag="010" ind1=" " ind2=" ">
    <subfield code="a">n 2004058358</subfield>
  </datafield>
  <datafield tag="035" ind1=" " ind2=" ">
    <subfield code="a">(OCoLC)oca06392728</subfield>
  </datafield>
  <datafield tag="040" ind1=" " ind2=" ">
    <subfield code="a">DLC</subfield>
    <subfield code="b">eng</subfield>
    <subfield code="e">rda</subfield>
    <subfield code="c">DLC</subfield>
    <subfield code="d">OCoLC</subfield>
    <subfield code="d">DLC</subfield>
    <subfield code="d">CaLaUCEA</subfield>
  </datafield>
  <datafield tag="100" ind1="1" ind2=" ">
    <subfield code="a">Chŏng, Sang-hwa</subfield>
  </datafield>
  <datafield tag="400" ind1="1" ind2=" ">
    <subfield code="a">정 상화</subfield>
  </datafield>
  <datafield tag="400" ind1="1" ind2=" ">
    <subfield code="a">정상화</subfield>
  </datafield>
  <datafield tag="400" ind1="1" ind2=" ">
    <subfield code="a">Chung, Sang Hwa</subfield>
  </datafield>
  <datafield tag="667" ind1=" " ind2=" ">
    <subfield code="a">Machine-derived non-Latin script reference project.</subfield>
  </datafield>
  <datafield tag="667" ind1=" " ind2=" ">
    <subfield code="a">Non-Latin script references not evaluated.</subfield>
  </datafield>
  <datafield tag="667" ind1=" " ind2=" ">
    <subfield code="a">Non-Latin script references reviewed in NACO CJK Funnel References Project.</subfield>
  </datafield>
  <datafield tag="670" ind1=" " ind2=" ">
    <subfield code="a">Chŏng, Kab-yŏng. Kyŏngje palchŏn kwa chŏngch&apos;i hwan&apos;gyŏng ŭi Han-Il pigyo punsŏk, 2003:</subfield>
    <subfield code="b">title page (정 상화 = Chŏng Sang-hwa) colophon (grad., Yŏnse Taehakkyo Chŏngch&apos;i Hakkwa; chŏngch&apos;ihak paksa, Miguk Mijuri Taehak; research prof., Yŏnse Taehakkyo Tongsŏ Munje Yŏn&apos;guwŏn)</subfield>
  </datafield>
  <datafield tag="670" ind1=" " ind2=" ">
    <subfield code="a">A middle power&apos;s diplomatic strategy in the globalized world, 2013:</subfield>
    <subfield code="b">title page (Sang Hwa Chung) colophon (Chŏng Sang-hwa, grad., Yŏnse Taehakkyo Chŏngch&apos;i Hakkwa; chŏngch&apos;ihak paksa, Miguk Mijuri Taehak; Ch&apos;ŏnggang Munhwa Sanŏp Taehak pugyosu)</subfield>
  </datafield>
  <datafield tag="953" ind1=" " ind2=" ">
    <subfield code="a">yc25</subfield>
    <subfield code="b">cf18</subfield>
  </datafield>
</record>