
<record>
  <leader>01269cz  a2200241n  4500</leader>
  <controlfield tag="001">6314305</controlfield>
  <controlfield tag="003">DLC</controlfield>
  <controlfield tag="005">20200105123139.0</controlfield>
  <controlfield tag="008">040809n| azannaabn          |b aaa      </controlfield>
  <datafield tag="010" ind1=" " ind2=" ">
    <subfield code="a">n 2004057088</subfield>
  </datafield>
  <datafield tag="035" ind1=" " ind2=" ">
    <subfield code="a">(OCoLC)oca06414568</subfield>
  </datafield>
  <datafield tag="040" ind1=" " ind2=" ">
    <subfield code="a">DLC</subfield>
    <subfield code="b">eng</subfield>
    <subfield code="e">rda</subfield>
    <subfield code="c">DLC</subfield>
    <subfield code="d">OCoLC</subfield>
    <subfield code="d">DLC</subfield>
    <subfield code="d">HU</subfield>
  </datafield>
  <datafield tag="046" ind1=" " ind2=" ">
    <subfield code="f">1953-04-02</subfield>
    <subfield code="2">edtf</subfield>
  </datafield>
  <datafield tag="100" ind1="1" ind2=" ">
    <subfield code="a">Ch&apos;oe, Yong-ho,</subfield>
    <subfield code="d">1953-</subfield>
  </datafield>
  <datafield tag="372" ind1=" " ind2=" ">
    <subfield code="a">National security</subfield>
    <subfield code="2">lcsh</subfield>
  </datafield>
  <datafield tag="400" ind1="1" ind2=" ">
    <subfield code="a">최 용호,</subfield>
    <subfield code="d">1953-</subfield>
  </datafield>
  <datafield tag="400" ind1="1" ind2=" ">
    <subfield code="a">崔 容鎬,</subfield>
    <subfield code="d">1953-</subfield>
  </datafield>
  <datafield tag="667" ind1=" " ind2=" ">
    <subfield code="a">Machine-derived non-Latin script reference project.</subfield>
  </datafield>
  <datafield tag="667" ind1=" " ind2=" ">
    <subfield code="a">Non-Latin script references not evaluated.</subfield>
  </datafield>
  <datafield tag="667" ind1=" " ind2=" ">
    <subfield code="a">Non-Latin script references reviewed in NACO CJK Funnel References Project.</subfield>
  </datafield>
  <datafield tag="670" ind1=" " ind2=" ">
    <subfield code="a">Kŭ ttae kŭ nal, 2003:</subfield>
    <subfield code="b">t.p. (Ch&apos;oe Yong-ho) back flap (b. 1953 in Kwangju; grad., Yukkun Che-3 Sagwan Hakkyo; paksa, Kyŏnggidae Chŏngch&apos;i Chŏnmun Taehagwŏn; researcher, Kukpangbu Kunsa P&apos;yŏnch&apos;an Yŏn&apos;guso)</subfield>
  </datafield>
  <datafield tag="670" ind1=" " ind2=" ">
    <subfield code="a">National Research Foundation of Korea WWW Home Page, April 19, 2017</subfield>
    <subfield code="b">(최 용호 = Ch&apos;oe Yong-ho; 崔 容鎬; b. April 02, 1953; paksa, Kyŏnggi Taehakkyo, oegyo anbo chŏn&apos;gong; worked at Kukpangbu Kunsa P&apos;yŏnch&apos;an Yŏn&apos;guso; ch&apos;aegim yŏn&apos;guwŏn, Chŏnjaeng kwa P&apos;yŏnghwa Yŏn&apos;guso; author of &quot;Kŭ ttae kŭ nal&quot;, etc.)</subfield>
  </datafield>
  <datafield tag="953" ind1=" " ind2=" ">
    <subfield code="a">yc27</subfield>
  </datafield>
</record>