
<record>
  <leader>02146cz  a2200421n  4500</leader>
  <controlfield tag="001">6370289</controlfield>
  <controlfield tag="003">DLC</controlfield>
  <controlfield tag="005">20200105123140.0</controlfield>
  <controlfield tag="008">040929n| azannaabn          |b aaa     c</controlfield>
  <datafield tag="010" ind1=" " ind2=" ">
    <subfield code="a">nr2004029725</subfield>
  </datafield>
  <datafield tag="035" ind1=" " ind2=" ">
    <subfield code="a">(OCoLC)oca06470382</subfield>
  </datafield>
  <datafield tag="040" ind1=" " ind2=" ">
    <subfield code="a">NNC-EA</subfield>
    <subfield code="b">eng</subfield>
    <subfield code="e">rda</subfield>
    <subfield code="c">NNC-EA</subfield>
    <subfield code="d">HU</subfield>
    <subfield code="d">OCoLC</subfield>
    <subfield code="d">HU</subfield>
    <subfield code="d">CaLaUCEA</subfield>
  </datafield>
  <datafield tag="046" ind1=" " ind2=" ">
    <subfield code="f">1964</subfield>
    <subfield code="2">edtf</subfield>
  </datafield>
  <datafield tag="100" ind1="1" ind2=" ">
    <subfield code="a">Chŏng, In-ha,</subfield>
    <subfield code="d">1964-</subfield>
  </datafield>
  <datafield tag="370" ind1=" " ind2=" ">
    <subfield code="a">Taegu, Korea</subfield>
  </datafield>
  <datafield tag="372" ind1=" " ind2=" ">
    <subfield code="a">Architecture--Korea (South)</subfield>
    <subfield code="2">lcsh</subfield>
  </datafield>
  <datafield tag="372" ind1=" " ind2=" ">
    <subfield code="a">Architecture--East Asia</subfield>
    <subfield code="2">lcsh</subfield>
  </datafield>
  <datafield tag="373" ind1=" " ind2=" ">
    <subfield code="a">Sŏul Taehakkyo</subfield>
    <subfield code="2">naf</subfield>
  </datafield>
  <datafield tag="373" ind1=" " ind2=" ">
    <subfield code="a">Université de Paris I: Panthéon-Sorbonne</subfield>
    <subfield code="2">naf</subfield>
  </datafield>
  <datafield tag="373" ind1=" " ind2=" ">
    <subfield code="a">Hanyang Taehakkyo</subfield>
    <subfield code="2">naf</subfield>
  </datafield>
  <datafield tag="374" ind1=" " ind2=" ">
    <subfield code="a">Critics</subfield>
    <subfield code="2">lcsh</subfield>
  </datafield>
  <datafield tag="374" ind1=" " ind2=" ">
    <subfield code="a">Historians</subfield>
    <subfield code="2">lcsh</subfield>
  </datafield>
  <datafield tag="374" ind1=" " ind2=" ">
    <subfield code="a">College teachers</subfield>
    <subfield code="2">lcsh</subfield>
  </datafield>
  <datafield tag="374" ind1=" " ind2=" ">
    <subfield code="a">Professor of architecture</subfield>
  </datafield>
  <datafield tag="375" ind1=" " ind2=" ">
    <subfield code="a">male</subfield>
  </datafield>
  <datafield tag="377" ind1=" " ind2=" ">
    <subfield code="a">eng</subfield>
  </datafield>
  <datafield tag="377" ind1=" " ind2=" ">
    <subfield code="a">kor</subfield>
  </datafield>
  <datafield tag="400" ind1="1" ind2=" ">
    <subfield code="a">정 인하,</subfield>
    <subfield code="d">1964-</subfield>
  </datafield>
  <datafield tag="400" ind1="1" ind2=" ">
    <subfield code="a">정인하,</subfield>
    <subfield code="d">1964-</subfield>
  </datafield>
  <datafield tag="400" ind1="1" ind2=" ">
    <subfield code="a">Jung, In Ha,</subfield>
    <subfield code="d">1964-</subfield>
  </datafield>
  <datafield tag="400" ind1="1" ind2=" ">
    <subfield code="a">Jung, Inha,</subfield>
    <subfield code="d">1964-</subfield>
  </datafield>
  <datafield tag="667" ind1=" " ind2=" ">
    <subfield code="a">Machine-derived non-Latin script reference project.</subfield>
  </datafield>
  <datafield tag="667" ind1=" " ind2=" ">
    <subfield code="a">Non-Latin script references not evaluated.</subfield>
  </datafield>
  <datafield tag="667" ind1=" " ind2=" ">
    <subfield code="a">Non-Latin script references reviewed in NACO CJK Funnel References Project.</subfield>
  </datafield>
  <datafield tag="670" ind1=" " ind2=" ">
    <subfield code="a">Kim Chung-ŏp kŏnch&apos;ungnon, 2000:</subfield>
    <subfield code="b">t.p. (정 인하 = Chŏng In-ha) back flap (b. 1964 in Taegu; Ph.D, Pʻari Che-1 Taehak; assistant prof., Hanyang Taehakkyo)</subfield>
  </datafield>
  <datafield tag="670" ind1=" " ind2=" ">
    <subfield code="a">Hyŏndae kŏnch&apos;uk kwa pip&apos;yosang, 2006:</subfield>
    <subfield code="b">t.p. (정 인하 = Chŏng In-ha) added t.p. (Jung Inha [in rom.])</subfield>
  </datafield>
  <datafield tag="670" ind1=" " ind2=" ">
    <subfield code="a">Auf der Suche nach dem tektonischen Raum, c2008:</subfield>
    <subfield code="b">t.p. (In Ha Jung) p. 120 (b. 1964, Taegu, S. Korea; architectural education, Seoul Nat&apos;l Univ. in S. Korea; Ph.D., Univ. of Paris (Pantheon-Sorbonne); studied and worked in United States; professor currently at Hanyang Univ. in Seoul)</subfield>
  </datafield>
  <datafield tag="670" ind1=" " ind2=" ">
    <subfield code="a">Architecture and urbanism in modern Korea, 2013:</subfield>
    <subfield code="b">ECIP t.p. (Inha Jung) ECIP data (Korean critic and historian, and the professor of architecture at the Hanyang University, South Korea; studied architecture at University of Paris I, France; his research has focused on Korean modern architecture and East Asian modern architecture and urban studies)</subfield>
  </datafield>
</record>