
<record>
  <leader>01267cz  a2200253n  4500</leader>
  <controlfield tag="001">6371126</controlfield>
  <controlfield tag="003">DLC</controlfield>
  <controlfield tag="005">20200105123139.0</controlfield>
  <controlfield tag="008">041014n| azannaabn          |b aaa     c</controlfield>
  <datafield tag="010" ind1=" " ind2=" ">
    <subfield code="a">no2004099585</subfield>
  </datafield>
  <datafield tag="035" ind1=" " ind2=" ">
    <subfield code="a">(OCoLC)oca06468002</subfield>
  </datafield>
  <datafield tag="040" ind1=" " ind2=" ">
    <subfield code="a">ICU</subfield>
    <subfield code="b">eng</subfield>
    <subfield code="e">rda</subfield>
    <subfield code="c">ICU</subfield>
    <subfield code="d">OCoLC</subfield>
    <subfield code="d">CSt</subfield>
    <subfield code="d">InU</subfield>
  </datafield>
  <datafield tag="046" ind1=" " ind2=" ">
    <subfield code="f">1937-03-17</subfield>
    <subfield code="2">edtf</subfield>
  </datafield>
  <datafield tag="100" ind1="1" ind2=" ">
    <subfield code="a">Burmistrovich, I︠U︡riĭ I︠A︡kovlevich</subfield>
  </datafield>
  <datafield tag="370" ind1=" " ind2=" ">
    <subfield code="a">Boryspilʹ (Ukraine)</subfield>
    <subfield code="2">naf</subfield>
  </datafield>
  <datafield tag="374" ind1=" " ind2=" ">
    <subfield code="a">Linguists</subfield>
    <subfield code="2">lcsh</subfield>
  </datafield>
  <datafield tag="375" ind1=" " ind2=" ">
    <subfield code="a">Males</subfield>
    <subfield code="2">lcdgt</subfield>
  </datafield>
  <datafield tag="377" ind1=" " ind2=" ">
    <subfield code="a">rus</subfield>
  </datafield>
  <datafield tag="400" ind1="1" ind2=" ">
    <subfield code="a">Бурмистрович, Юрий Яковлевич</subfield>
  </datafield>
  <datafield tag="400" ind1="1" ind2=" ">
    <subfield code="a">Burmistrovich, I︠U︡. I︠A︡.</subfield>
  </datafield>
  <datafield tag="400" ind1="1" ind2=" ">
    <subfield code="a">Бурмистрович, Ю. Я.</subfield>
  </datafield>
  <datafield tag="667" ind1=" " ind2=" ">
    <subfield code="a">Non-Latin script references not evaluated.</subfield>
  </datafield>
  <datafield tag="670" ind1=" " ind2=" ">
    <subfield code="a">Istoricheskai︠a︡ fonemologii︠a︡ posledovatelʹnogo ri︠a︡da ili t︠s︡epi slavi︠a︡nskikh i︠a︡zykov, svi︠a︡zannykh otnoshenimi &quot;predok--potomok&quot;, ot praindoevropeĭskogo v lit︠s︡e ego protoslavi︠a︡nskogo dialekta do russkogo, 2001:</subfield>
    <subfield code="b">t.p. (Burmistrovich I︠U︡riĭ I︠A︡kovlevich)</subfield>
  </datafield>
  <datafield tag="670" ind1=" " ind2=" ">
    <subfield code="a">Burmistrovich I︠U︡riĭ I︠A︡kovlevich , 2010:</subfield>
    <subfield code="b">p. 16 (b. Mar. 17, 1937, Borispolʹ, Ukraine; doktor filologicheskikh nauk, professor, zasluzhennyĭ dei︠a︡telʹ nauki Respubliki Khakasii︠a︡)</subfield>
  </datafield>
</record>