
<record>
  <leader>01042cz  a2200217n  4500</leader>
  <controlfield tag="001">6461409</controlfield>
  <controlfield tag="003">DLC</controlfield>
  <controlfield tag="005">20200105123140.0</controlfield>
  <controlfield tag="008">050210n| azannaabn          |b aaa      </controlfield>
  <datafield tag="010" ind1=" " ind2=" ">
    <subfield code="a">n 2005009988</subfield>
  </datafield>
  <datafield tag="035" ind1=" " ind2=" ">
    <subfield code="a">(OCoLC)oca06559184</subfield>
  </datafield>
  <datafield tag="040" ind1=" " ind2=" ">
    <subfield code="a">DLC</subfield>
    <subfield code="b">eng</subfield>
    <subfield code="e">rda</subfield>
    <subfield code="c">DLC</subfield>
    <subfield code="d">OCoLC</subfield>
    <subfield code="d">InU</subfield>
    <subfield code="d">CaLaUCEA</subfield>
  </datafield>
  <datafield tag="046" ind1=" " ind2=" ">
    <subfield code="f">1937</subfield>
    <subfield code="2">edtf</subfield>
  </datafield>
  <datafield tag="100" ind1="1" ind2=" ">
    <subfield code="a">Chu, Ton-sik,</subfield>
    <subfield code="d">1937-</subfield>
  </datafield>
  <datafield tag="400" ind1="1" ind2=" ">
    <subfield code="a">주 돈식,</subfield>
    <subfield code="d">1937-</subfield>
  </datafield>
  <datafield tag="400" ind1="1" ind2=" ">
    <subfield code="a">주돈식,</subfield>
    <subfield code="d">1937-</subfield>
  </datafield>
  <datafield tag="667" ind1=" " ind2=" ">
    <subfield code="a">Machine-derived non-Latin script reference project.</subfield>
  </datafield>
  <datafield tag="667" ind1=" " ind2=" ">
    <subfield code="a">Non-Latin script references not evaluated.</subfield>
  </datafield>
  <datafield tag="667" ind1=" " ind2=" ">
    <subfield code="a">Non-Latin script references reviewed in NACO CJK Funnel References Project.</subfield>
  </datafield>
  <datafield tag="670" ind1=" " ind2=" ">
    <subfield code="a">Uri to choŭn taet&apos;ongnyŏng ŭl katko sipta, 2004:</subfield>
    <subfield code="b">t.p. (주 돈식 = Chu Ton-sik) front flap (b. 1937 in Ch&apos;ungnam Ch&apos;ŏnan; grad., Sŏul Sabŏm Taehakkyo; myŏngye sinmunhak paksa hagwi, Mosŭk&apos;ŭba Almat&apos;a pun&apos;gyo; chŏngch&apos;i pujang, etc., Chosŏn Ilbosa; chŏngmu susŏk pisŏgwan, etc., Kim Yŏng-sam Chŏngbu; ex-head, Sejong Taehakkyo Ŏllon Munhwa Taehagwŏn)</subfield>
  </datafield>
  <datafield tag="953" ind1=" " ind2=" ">
    <subfield code="a">yc27</subfield>
  </datafield>
</record>