
<record>
  <leader>00853cz  a2200205n  4500</leader>
  <controlfield tag="001">6617705</controlfield>
  <controlfield tag="003">DLC</controlfield>
  <controlfield tag="005">20200105123135.0</controlfield>
  <controlfield tag="008">050817n| azannaabn          |a aaa     c</controlfield>
  <datafield tag="010" ind1=" " ind2=" ">
    <subfield code="a">no2005076651</subfield>
  </datafield>
  <datafield tag="035" ind1=" " ind2=" ">
    <subfield code="a">(OCoLC)oca06710201</subfield>
  </datafield>
  <datafield tag="040" ind1=" " ind2=" ">
    <subfield code="a">SaPrUSA</subfield>
    <subfield code="b">eng</subfield>
    <subfield code="c">SaPrUSA</subfield>
    <subfield code="e">rda</subfield>
    <subfield code="d">DNLM</subfield>
  </datafield>
  <datafield tag="046" ind1=" " ind2=" ">
    <subfield code="f">1923-09-10</subfield>
    <subfield code="g">1997-05-03</subfield>
    <subfield code="2">edtf</subfield>
  </datafield>
  <datafield tag="100" ind1="1" ind2=" ">
    <subfield code="a">Schalling, Daisy</subfield>
  </datafield>
  <datafield tag="378" ind1=" " ind2=" ">
    <subfield code="q">Daisy Signe Maria</subfield>
  </datafield>
  <datafield tag="400" ind1="1" ind2=" ">
    <subfield code="a">Schalling, D.</subfield>
    <subfield code="q">(Daisy)</subfield>
  </datafield>
  <datafield tag="670" ind1=" " ind2=" ">
    <subfield code="a">The CPRS, 1978:</subfield>
    <subfield code="b">t.p. (Daisy Schalling)</subfield>
  </datafield>
  <datafield tag="670" ind1=" " ind2=" ">
    <subfield code="a">Psychopathic behavior: ... research.  1978.</subfield>
  </datafield>
  <datafield tag="670" ind1=" " ind2=" ">
    <subfield code="a">Excretion of adrenaline and noradrenaline as related to real life stress and psychopathy, September 1976:</subfield>
    <subfield code="b">title page (D. Schalling)</subfield>
  </datafield>
  <datafield tag="670" ind1=" " ind2=" ">
    <subfield code="a">Swedish Wikipedia, Jan. 4, 2020</subfield>
    <subfield code="b">(Daisy Schalling, Daisy Signe Maria Schalling, b. 10 september 1923, d. 3 maj 1997)</subfield>
    <subfield code="u">https://sv.wikipedia.org/wiki/Daisy_Schalling</subfield>
  </datafield>
</record>