
<record>
  <leader>01214cz  a2200241n  4500</leader>
  <controlfield tag="001">6619812</controlfield>
  <controlfield tag="003">DLC</controlfield>
  <controlfield tag="005">20200105123136.0</controlfield>
  <controlfield tag="008">050822n| azannaabn          |b aaa      </controlfield>
  <datafield tag="010" ind1=" " ind2=" ">
    <subfield code="a">n 2005062189</subfield>
  </datafield>
  <datafield tag="035" ind1=" " ind2=" ">
    <subfield code="a">(OCoLC)oca06714135</subfield>
  </datafield>
  <datafield tag="040" ind1=" " ind2=" ">
    <subfield code="a">DLC</subfield>
    <subfield code="b">eng</subfield>
    <subfield code="c">DLC</subfield>
    <subfield code="d">OCoLC</subfield>
    <subfield code="d">DLC</subfield>
    <subfield code="e">rda</subfield>
    <subfield code="d">InU</subfield>
    <subfield code="d">CaLaUCEA</subfield>
  </datafield>
  <datafield tag="046" ind1=" " ind2=" ">
    <subfield code="f">1957-11-25</subfield>
    <subfield code="2">edtf</subfield>
  </datafield>
  <datafield tag="100" ind1="1" ind2=" ">
    <subfield code="a">Chŏng, Yŏng-t&apos;ae,</subfield>
    <subfield code="d">1957-</subfield>
  </datafield>
  <datafield tag="400" ind1="1" ind2=" ">
    <subfield code="a">Jung, Young-Tae,</subfield>
    <subfield code="d">1957-</subfield>
  </datafield>
  <datafield tag="400" ind1="1" ind2=" ">
    <subfield code="a">정 영태,</subfield>
    <subfield code="d">1957-</subfield>
  </datafield>
  <datafield tag="400" ind1="1" ind2=" ">
    <subfield code="a">정영태,</subfield>
    <subfield code="d">1957-</subfield>
  </datafield>
  <datafield tag="667" ind1=" " ind2=" ">
    <subfield code="a">Machine-derived non-Latin script reference project.</subfield>
  </datafield>
  <datafield tag="667" ind1=" " ind2=" ">
    <subfield code="a">Non-Latin script references not evaluated.</subfield>
  </datafield>
  <datafield tag="667" ind1=" " ind2=" ">
    <subfield code="a">Non-Latin script references reviewed in NACO CJK Funnel References Project.</subfield>
  </datafield>
  <datafield tag="670" ind1=" " ind2=" ">
    <subfield code="a">Han&apos;guk chŏngch&apos;i ŭi hŭimang ch&apos;atki, 2004:</subfield>
    <subfield code="b">t.p. (정 영태 = Chŏng Yŏng-t&apos;ae) colophon (grad., Sŏuldae Oegyo Hakkwa; chŏngch&apos;ihak paksa, Miguk Univ. of Texas, Austin; prof., Inha Taehakkyo Sahoe Kwahakpu)</subfield>
  </datafield>
  <datafield tag="670" ind1=" " ind2=" ">
    <subfield code="a">Han&apos;guk Haksul Chinhŭng Chaedan WWW Home Page, Aug. 22, 2005</subfield>
    <subfield code="b">(Chŏng Yŏng-t&apos;ae; b. Nov. 25, 1957; grad., Sŏuldae Oegyo Hakkwa; chŏngch&apos;ihak paksa, Miguk Univ. of Texas, Austin; prof., Inha Taehakkyo Sahoe Kwahak Taehak; Jung, Young-Tae [in rom.])</subfield>
  </datafield>
  <datafield tag="953" ind1=" " ind2=" ">
    <subfield code="a">yc14</subfield>
    <subfield code="b">cf07</subfield>
  </datafield>
</record>