
<record>
  <leader>01157cz  a2200253n  4500</leader>
  <controlfield tag="001">6646538</controlfield>
  <controlfield tag="003">DLC</controlfield>
  <controlfield tag="005">20200105123136.0</controlfield>
  <controlfield tag="008">050922n| azannaabn          |b aaa      </controlfield>
  <datafield tag="010" ind1=" " ind2=" ">
    <subfield code="a">n 2005071171</subfield>
  </datafield>
  <datafield tag="035" ind1=" " ind2=" ">
    <subfield code="a">(OCoLC)oca06740365</subfield>
  </datafield>
  <datafield tag="040" ind1=" " ind2=" ">
    <subfield code="a">DLC</subfield>
    <subfield code="b">eng</subfield>
    <subfield code="e">rda</subfield>
    <subfield code="c">DLC</subfield>
    <subfield code="d">OCoLC</subfield>
    <subfield code="d">DLC</subfield>
    <subfield code="d">CaLaUCEA</subfield>
  </datafield>
  <datafield tag="046" ind1=" " ind2=" ">
    <subfield code="f">1966-04-05</subfield>
    <subfield code="2">edtf</subfield>
  </datafield>
  <datafield tag="100" ind1="1" ind2=" ">
    <subfield code="a">Chŏng, Sun-hŭi,</subfield>
    <subfield code="d">1966 April 5-</subfield>
  </datafield>
  <datafield tag="400" ind1="1" ind2=" ">
    <subfield code="w">nnea</subfield>
    <subfield code="a">Chŏng, Sun-hŭi,</subfield>
    <subfield code="d">1966 Apr. 5-</subfield>
  </datafield>
  <datafield tag="400" ind1="1" ind2=" ">
    <subfield code="a">Jeong, Sunhee,</subfield>
    <subfield code="d">1966 April 5-</subfield>
  </datafield>
  <datafield tag="400" ind1="1" ind2=" ">
    <subfield code="a">정 순희,</subfield>
    <subfield code="d">1966 April 5-</subfield>
  </datafield>
  <datafield tag="400" ind1="1" ind2=" ">
    <subfield code="a">정순희,</subfield>
    <subfield code="d">1966 April 5-</subfield>
  </datafield>
  <datafield tag="667" ind1=" " ind2=" ">
    <subfield code="a">Machine-derived non-Latin script reference project.</subfield>
  </datafield>
  <datafield tag="667" ind1=" " ind2=" ">
    <subfield code="a">Non-Latin script references not evaluated.</subfield>
  </datafield>
  <datafield tag="667" ind1=" " ind2=" ">
    <subfield code="a">Non-Latin script references reviewed in NACO CJK Funnel References Project.</subfield>
  </datafield>
  <datafield tag="670" ind1=" " ind2=" ">
    <subfield code="a">Togok Yi Ŭi-hyŏn ŭi komullon kwa munhak, 2004:</subfield>
    <subfield code="b">t.p. (정 순희 = Chŏng Sun-hŭi) ft. flap (munhak paksa, Chŏnbuk Taehak; lecturer, Chŏnbuk Taehak)</subfield>
  </datafield>
  <datafield tag="670" ind1=" " ind2=" ">
    <subfield code="a">Han&apos;guk Haksul Chinhŭng Chaedan WWW Home Page, Sept. 22, 2005</subfield>
    <subfield code="b">(Chŏng Sun-hŭi; b. April 5, 1966; munhak paksa, Chŏnbuk Taehak; lecturer, Chŏnbuk Taehak; Sunhee Jeong [in rom.])</subfield>
  </datafield>
  <datafield tag="953" ind1=" " ind2=" ">
    <subfield code="a">yc14</subfield>
  </datafield>
</record>