
<record>
  <leader>00978cz  a2200229n  4500</leader>
  <controlfield tag="001">6699840</controlfield>
  <controlfield tag="003">DLC</controlfield>
  <controlfield tag="005">20200105123117.0</controlfield>
  <controlfield tag="008">051129n| azannaabn          |b aaa      </controlfield>
  <datafield tag="010" ind1=" " ind2=" ">
    <subfield code="a">n 2005086568</subfield>
  </datafield>
  <datafield tag="035" ind1=" " ind2=" ">
    <subfield code="a">(OCoLC)oca06793384</subfield>
  </datafield>
  <datafield tag="040" ind1=" " ind2=" ">
    <subfield code="a">DLC</subfield>
    <subfield code="b">eng</subfield>
    <subfield code="e">rda</subfield>
    <subfield code="c">DLC</subfield>
    <subfield code="d">DLC</subfield>
    <subfield code="d">OCoLC</subfield>
    <subfield code="d">CaLaUCEA</subfield>
    <subfield code="d">InU</subfield>
    <subfield code="d">CaLaUCEA</subfield>
  </datafield>
  <datafield tag="046" ind1=" " ind2=" ">
    <subfield code="f">1958-08-16</subfield>
    <subfield code="2">edtf</subfield>
  </datafield>
  <datafield tag="100" ind1="1" ind2=" ">
    <subfield code="a">Chŏng, Kwang-min,</subfield>
    <subfield code="d">1958-</subfield>
  </datafield>
  <datafield tag="400" ind1="1" ind2=" ">
    <subfield code="a">Tei, Kōbin,</subfield>
    <subfield code="d">1958-</subfield>
  </datafield>
  <datafield tag="400" ind1="1" ind2=" ">
    <subfield code="a">정 광민,</subfield>
    <subfield code="d">1958-</subfield>
  </datafield>
  <datafield tag="400" ind1="1" ind2=" ">
    <subfield code="a">정광민,</subfield>
    <subfield code="d">1958-</subfield>
  </datafield>
  <datafield tag="667" ind1=" " ind2=" ">
    <subfield code="a">Machine-derived non-Latin script reference project.</subfield>
  </datafield>
  <datafield tag="667" ind1=" " ind2=" ">
    <subfield code="a">Non-Latin script references not evaluated</subfield>
  </datafield>
  <datafield tag="667" ind1=" " ind2=" ">
    <subfield code="a">Non-Latin script references reviewed in NACO CJK Funnel References Project.</subfield>
  </datafield>
  <datafield tag="670" ind1=" " ind2=" ">
    <subfield code="a">Pukhan kigŭn ŭi chŏngch&apos;i kyŏngjehak, 2005:</subfield>
    <subfield code="b">t.p. (정 광민 = Chŏng Kwang-min) jkt. (Tei Kōbin [jpn r]; b. Aug. 16, 1958 in Pusan; grad., Pusandae Kyŏngje Hakkwa; kyŏngjehak sŏksa, Ilbon Kyot&apos;odae; kyŏngjehak paksa, Ilbon Nagoyadae)</subfield>
  </datafield>
  <datafield tag="953" ind1=" " ind2=" ">
    <subfield code="b">yc25</subfield>
    <subfield code="b">yy13</subfield>
  </datafield>
</record>