
<record>
  <leader>00986cz  a2200253n  4500</leader>
  <controlfield tag="001">6931243</controlfield>
  <controlfield tag="003">DLC</controlfield>
  <controlfield tag="005">20200105123118.0</controlfield>
  <controlfield tag="008">060810n| acaaaaaan          |b ana     c</controlfield>
  <datafield tag="010" ind1=" " ind2=" ">
    <subfield code="a">no2006083221</subfield>
  </datafield>
  <datafield tag="035" ind1=" " ind2=" ">
    <subfield code="a">(OCoLC)oca07019010</subfield>
  </datafield>
  <datafield tag="040" ind1=" " ind2=" ">
    <subfield code="a">InU</subfield>
    <subfield code="b">eng</subfield>
    <subfield code="c">InU</subfield>
    <subfield code="d">InU</subfield>
  </datafield>
  <datafield tag="130" ind1=" " ind2="0">
    <subfield code="a">Jing xue yan jiu cong kan (Zhong yang yan jiu yuan Zhongguo wen zhe yan jiu suo)</subfield>
  </datafield>
  <datafield tag="380" ind1=" " ind2=" ">
    <subfield code="a">Series (Publications)</subfield>
    <subfield code="a">Monographic series</subfield>
    <subfield code="2">lcsh</subfield>
  </datafield>
  <datafield tag="430" ind1=" " ind2="0">
    <subfield code="a">經學研究叢刊</subfield>
  </datafield>
  <datafield tag="410" ind1="2" ind2=" ">
    <subfield code="a">Zhong yang yan jiu yuan.</subfield>
    <subfield code="b">Zhongguo wen zhe yan jiu suo.</subfield>
    <subfield code="t">Jing xue yan jiu cong kan</subfield>
  </datafield>
  <datafield tag="410" ind1="2" ind2=" ">
    <subfield code="a">中央研究院. 中國文哲研究所.</subfield>
    <subfield code="t">經學研究叢刊</subfield>
  </datafield>
  <datafield tag="642" ind1=" " ind2=" ">
    <subfield code="a">2</subfield>
    <subfield code="5">DPCC</subfield>
    <subfield code="5">InU</subfield>
  </datafield>
  <datafield tag="643" ind1=" " ind2=" ">
    <subfield code="a">Taibei Shi</subfield>
    <subfield code="b">Zhong yang yan jiu yuan Zhongguo wen zhe yan jiu suo chou bei chu</subfield>
  </datafield>
  <datafield tag="644" ind1=" " ind2=" ">
    <subfield code="a">f</subfield>
    <subfield code="5">InU</subfield>
  </datafield>
  <datafield tag="645" ind1=" " ind2=" ">
    <subfield code="a">t</subfield>
    <subfield code="5">DPCC</subfield>
    <subfield code="5">InU</subfield>
  </datafield>
  <datafield tag="646" ind1=" " ind2=" ">
    <subfield code="a">s</subfield>
    <subfield code="5">InU</subfield>
  </datafield>
  <datafield tag="667" ind1=" " ind2=" ">
    <subfield code="a">Non-Latin script reference not evaluated.</subfield>
  </datafield>
  <datafield tag="670" ind1=" " ind2=" ">
    <subfield code="a">Qian Jia xue zhe de zhi jing fang fa,  2000:</subfield>
    <subfield code="b">t.p. (經學研究叢刊 = Jing xue yan jiu cong kan)</subfield>
  </datafield>
</record>