
<record>
  <leader>01223cz  a2200289n  4500</leader>
  <controlfield tag="001">6967530</controlfield>
  <controlfield tag="003">DLC</controlfield>
  <controlfield tag="005">20200105123119.0</controlfield>
  <controlfield tag="008">060919n| azannaabn          |b aaa      </controlfield>
  <datafield tag="010" ind1=" " ind2=" ">
    <subfield code="a">n 2006072210</subfield>
  </datafield>
  <datafield tag="035" ind1=" " ind2=" ">
    <subfield code="a">(OCoLC)oca07056054</subfield>
  </datafield>
  <datafield tag="040" ind1=" " ind2=" ">
    <subfield code="a">DLC</subfield>
    <subfield code="b">eng</subfield>
    <subfield code="e">rda</subfield>
    <subfield code="c">DLC</subfield>
    <subfield code="d">OCoLC</subfield>
    <subfield code="d">DLC</subfield>
    <subfield code="d">CaLaUCEA</subfield>
  </datafield>
  <datafield tag="046" ind1=" " ind2=" ">
    <subfield code="f">1961-02-27</subfield>
    <subfield code="2">edtf</subfield>
  </datafield>
  <datafield tag="100" ind1="1" ind2=" ">
    <subfield code="a">Chŏng, Sŭng-il,</subfield>
    <subfield code="d">1961-</subfield>
  </datafield>
  <datafield tag="370" ind1=" " ind2=" ">
    <subfield code="a">Korea</subfield>
  </datafield>
  <datafield tag="373" ind1=" " ind2=" ">
    <subfield code="a">Kwahak Kisul Chŏngch&apos;aek Yŏn&apos;guwŏn</subfield>
  </datafield>
  <datafield tag="374" ind1=" " ind2=" ">
    <subfield code="a">Researcher</subfield>
  </datafield>
  <datafield tag="375" ind1=" " ind2=" ">
    <subfield code="a">male</subfield>
  </datafield>
  <datafield tag="377" ind1=" " ind2=" ">
    <subfield code="a">kor</subfield>
  </datafield>
  <datafield tag="400" ind1="1" ind2=" ">
    <subfield code="a">정 승일,</subfield>
    <subfield code="d">1961-</subfield>
  </datafield>
  <datafield tag="400" ind1="1" ind2=" ">
    <subfield code="a">정승일,</subfield>
    <subfield code="d">1961-</subfield>
  </datafield>
  <datafield tag="667" ind1=" " ind2=" ">
    <subfield code="a">Machine-derived non-Latin script reference project.</subfield>
  </datafield>
  <datafield tag="667" ind1=" " ind2=" ">
    <subfield code="a">Non-Latin script references not evaluated.</subfield>
  </datafield>
  <datafield tag="667" ind1=" " ind2=" ">
    <subfield code="a">Non-Latin script references reviewed in NACO CJK Funnel References Project.</subfield>
  </datafield>
  <datafield tag="670" ind1=" " ind2=" ">
    <subfield code="a">Kisul hyŏksin ch&apos;inhwajŏk in kiŏp chibae kujo wa kŭmyung sisŭt&apos;em ŭi Han&apos;gukchŏk hyŏngt&apos;ae, 2005:</subfield>
    <subfield code="b">t.p. (정 승일 = Chŏng Sŭng-il) colophon (pu-yŏn&apos;gu wiwŏn, Kwahak Kisul Chŏngch&apos;aek Yŏn&apos;guwŏn)</subfield>
  </datafield>
  <datafield tag="670" ind1=" " ind2=" ">
    <subfield code="a">Korea Research Foundation WWW Home Page, Sep. 19, 2006</subfield>
    <subfield code="b">(b. Feb. 27, 1961; paksa, Freie Univ. Berlin; yŏn&apos;gu wiwŏn, Kwahak Kisul Chŏngch&apos;aek Yŏn&apos;guwŏn)</subfield>
  </datafield>
  <datafield tag="953" ind1=" " ind2=" ">
    <subfield code="a">yc27</subfield>
    <subfield code="b">cf18</subfield>
  </datafield>
</record>