
<record>
  <leader>01064cz  a2200229n  4500</leader>
  <controlfield tag="001">7068879</controlfield>
  <controlfield tag="003">DLC</controlfield>
  <controlfield tag="005">20200105123119.0</controlfield>
  <controlfield tag="008">070116n| azannaabn          |b aaa     c</controlfield>
  <datafield tag="010" ind1=" " ind2=" ">
    <subfield code="a">nr2007001156</subfield>
  </datafield>
  <datafield tag="035" ind1=" " ind2=" ">
    <subfield code="a">(OCoLC)oca07302976</subfield>
  </datafield>
  <datafield tag="040" ind1=" " ind2=" ">
    <subfield code="a">DLC-R</subfield>
    <subfield code="b">eng</subfield>
    <subfield code="c">DLC-R</subfield>
    <subfield code="d">OCoLC</subfield>
    <subfield code="e">rda</subfield>
    <subfield code="d">DLC</subfield>
    <subfield code="d">HU</subfield>
  </datafield>
  <datafield tag="100" ind1="1" ind2=" ">
    <subfield code="a">Ch&apos;oe, Yŏn-ju</subfield>
  </datafield>
  <datafield tag="400" ind1="1" ind2=" ">
    <subfield code="a">Choi, Yeon-Joo</subfield>
  </datafield>
  <datafield tag="400" ind1="1" ind2=" ">
    <subfield code="a">崔然柱</subfield>
  </datafield>
  <datafield tag="400" ind1="1" ind2=" ">
    <subfield code="a">崔 然柱</subfield>
  </datafield>
  <datafield tag="400" ind1="1" ind2=" ">
    <subfield code="a">최 연주</subfield>
  </datafield>
  <datafield tag="667" ind1=" " ind2=" ">
    <subfield code="a">Machine-derived non-Latin script reference project.</subfield>
  </datafield>
  <datafield tag="667" ind1=" " ind2=" ">
    <subfield code="a">Non-Latin script references not evaluated.</subfield>
  </datafield>
  <datafield tag="667" ind1=" " ind2=" ">
    <subfield code="a">Non-Latin script references reviewed in NACO CJK Funnel References Project.</subfield>
  </datafield>
  <datafield tag="670" ind1=" " ind2=" ">
    <subfield code="a">Koryŏ Taejanggyŏng yŏn&apos;gu, 2006:</subfield>
    <subfield code="b">t.p. (최 연주, 崔 然柱, Ch&apos;oe Yŏn-ju) colophon, etc. (b. Kyŏngnam Kosŏng; sŏksa, Yŏngnam Taehakkyo Kuksa Hakkwa; Ph.D., Tongŭi Taehakkyo Sahakkwa; prof., Tongŭi Taehakkyo Sahakkwa; Choi, Yeon-Joo [in rom.])</subfield>
  </datafield>
  <datafield tag="670" ind1=" " ind2=" ">
    <subfield code="a">OCLC #83594714, January 4, 2020</subfield>
    <subfield code="b">(access point: 崔 然柱 = 최 연주 = Ch&apos;oe, Yŏn-ju; usage: 崔 然柱 = 최 연주 = Ch&apos;oe Yŏn-ju)</subfield>
  </datafield>
</record>