
<record>
  <leader>01147cz  a2200217n  4500</leader>
  <controlfield tag="001">7547839</controlfield>
  <controlfield tag="003">DLC</controlfield>
  <controlfield tag="005">20200105123118.0</controlfield>
  <controlfield tag="008">080520n| azannaabn          |n aaa      </controlfield>
  <datafield tag="010" ind1=" " ind2=" ">
    <subfield code="a">n 2008035097</subfield>
  </datafield>
  <datafield tag="035" ind1=" " ind2=" ">
    <subfield code="a">(OCoLC)oca07773893</subfield>
  </datafield>
  <datafield tag="040" ind1=" " ind2=" ">
    <subfield code="a">DLC</subfield>
    <subfield code="b">eng</subfield>
    <subfield code="c">DLC</subfield>
    <subfield code="e">rda</subfield>
    <subfield code="d">MdRoLAC</subfield>
  </datafield>
  <datafield tag="100" ind1="1" ind2=" ">
    <subfield code="a">Henner, Victor</subfield>
  </datafield>
  <datafield tag="372" ind1=" " ind2=" ">
    <subfield code="a">Mathematics</subfield>
    <subfield code="a">Physics</subfield>
    <subfield code="2">lcsh</subfield>
  </datafield>
  <datafield tag="373" ind1=" " ind2=" ">
    <subfield code="a">University of Louisville</subfield>
    <subfield code="a">Moskovskiĭ gosudarstvennyĭ universitet im. M.V. Lomonosova</subfield>
    <subfield code="2">naf</subfield>
  </datafield>
  <datafield tag="373" ind1=" " ind2=" ">
    <subfield code="a">Novosibirsk Institute of Mathematics</subfield>
  </datafield>
  <datafield tag="374" ind1=" " ind2=" ">
    <subfield code="a">College teachers</subfield>
    <subfield code="2">lcsh</subfield>
  </datafield>
  <datafield tag="375" ind1=" " ind2=" ">
    <subfield code="a">Males</subfield>
    <subfield code="2">lcdgt</subfield>
  </datafield>
  <datafield tag="670" ind1=" " ind2=" ">
    <subfield code="a">Henner, Victor. Mathematical physics, c2008:</subfield>
    <subfield code="b">ECIP t.p. (Victor Henner)</subfield>
  </datafield>
  <datafield tag="670" ind1=" " ind2=" ">
    <subfield code="a">Webpage for the book, Partial Differential Equations: Analytical Methods and Applications, viewed 4 January 2019:</subfield>
    <subfield code="b">(Victor Henner is a professor at the Department of Physics and Astronomy at the University of Louisville. He has Ph.Ds from the Novosibirsk Institute of Mathematics in Russia and Moscow State University)</subfield>
    <subfield code="u">https://www.crcpress.com/Partial-Differential-Equations-Analytical-Methods-and-Applications/Henner-Belozerova-Nepomnyashchy/p/book/9781138339835</subfield>
  </datafield>
  <datafield tag="953" ind1=" " ind2=" ">
    <subfield code="a">jp18</subfield>
  </datafield>
</record>