
<record>
  <leader>01111cz  a2200193n  4500</leader>
  <controlfield tag="001">7667215</controlfield>
  <controlfield tag="003">DLC</controlfield>
  <controlfield tag="005">20200105123117.0</controlfield>
  <controlfield tag="008">080926n| azannaabn          |n aaa      </controlfield>
  <datafield tag="010" ind1=" " ind2=" ">
    <subfield code="a">n 2008065970</subfield>
  </datafield>
  <datafield tag="035" ind1=" " ind2=" ">
    <subfield code="a">(OCoLC)oca07891108</subfield>
  </datafield>
  <datafield tag="040" ind1=" " ind2=" ">
    <subfield code="a">DLC</subfield>
    <subfield code="b">eng</subfield>
    <subfield code="c">DLC</subfield>
    <subfield code="e">rda</subfield>
    <subfield code="d">MdRoLAC</subfield>
  </datafield>
  <datafield tag="100" ind1="1" ind2=" ">
    <subfield code="a">Belozerova, Tatyana</subfield>
  </datafield>
  <datafield tag="372" ind1=" " ind2=" ">
    <subfield code="a">Mathematics</subfield>
    <subfield code="2">lcsh</subfield>
  </datafield>
  <datafield tag="373" ind1=" " ind2=" ">
    <subfield code="a">Permskiĭ gosudarstvennyĭ universitet</subfield>
    <subfield code="2">naf</subfield>
  </datafield>
  <datafield tag="375" ind1=" " ind2=" ">
    <subfield code="a">Females</subfield>
    <subfield code="2">lcdgt</subfield>
  </datafield>
  <datafield tag="670" ind1=" " ind2=" ">
    <subfield code="a">Henner, Victor. Mathematical methods in physics, c2009:</subfield>
    <subfield code="b">ECIP t.p. (Tatyana Belozerova; Perm State University, Russia)</subfield>
  </datafield>
  <datafield tag="670" ind1=" " ind2=" ">
    <subfield code="a">Webpage for the book, Partial Differential Equations: Analytical Methods and Applications, viewed 4 January 2019:</subfield>
    <subfield code="b">(Tatyana Belozerova is a professor at Perm State University in Russia. Along with Ordinary and Partial Differential Equations, she co-wrote with Victor Henner Mathematical Methods in Physics: Partial Differential Equations, Fourier Series, and Special Functions)</subfield>
    <subfield code="u">https://www.crcpress.com/Partial-Differential-Equations-Analytical-Methods-and-Applications/Henner-Belozerova-Nepomnyashchy/p/book/9781138339835</subfield>
  </datafield>
  <datafield tag="953" ind1=" " ind2=" ">
    <subfield code="a">jp18</subfield>
  </datafield>
</record>