
<record>
  <leader>00739cz  a2200205n  4500</leader>
  <controlfield tag="001">7884767</controlfield>
  <controlfield tag="003">DLC</controlfield>
  <controlfield tag="005">20200105201327.0</controlfield>
  <controlfield tag="008">090512n| azannaabn          |a aaa      </controlfield>
  <datafield tag="010" ind1=" " ind2=" ">
    <subfield code="a">n 2009201039</subfield>
  </datafield>
  <datafield tag="040" ind1=" " ind2=" ">
    <subfield code="a">DLC</subfield>
    <subfield code="b">eng</subfield>
    <subfield code="c">DLC</subfield>
    <subfield code="e">rda</subfield>
    <subfield code="d">DLC</subfield>
  </datafield>
  <datafield tag="100" ind1="1" ind2=" ">
    <subfield code="a">Nasution, Zahri</subfield>
  </datafield>
  <datafield tag="370" ind1=" " ind2=" ">
    <subfield code="c">Indonesia</subfield>
  </datafield>
  <datafield tag="373" ind1=" " ind2=" ">
    <subfield code="a">Indonesia. Badan Penelitian dan Pengembangan Kelautan dan Perikanan</subfield>
    <subfield code="2">naf</subfield>
  </datafield>
  <datafield tag="375" ind1=" " ind2=" ">
    <subfield code="a">male</subfield>
  </datafield>
  <datafield tag="377" ind1=" " ind2=" ">
    <subfield code="a">ind</subfield>
  </datafield>
  <datafield tag="400" ind1="0" ind2=" ">
    <subfield code="a">Zahri Nasution</subfield>
  </datafield>
  <datafield tag="670" ind1=" " ind2=" ">
    <subfield code="a">Gender dalam rumah tangga masyarakat nelayan, 2008:</subfield>
    <subfield code="b">t.p. (Zahri Nasution)</subfield>
  </datafield>
  <datafield tag="670" ind1=" " ind2=" ">
    <subfield code="a">Pendekatan &quot;human ecology&quot; dalam studi sosial ekonomi perikanan, 2013:</subfield>
    <subfield code="b">t.p. (Zahri Nasution) cover p. 2 (associated with Badan Penelitan dan Pengembangan Kelautan dan Perikanan)</subfield>
  </datafield>
  <datafield tag="953" ind1=" " ind2=" ">
    <subfield code="a">wj12</subfield>
  </datafield>
</record>