
<record>
  <leader>00838cz  a2200181n  4500</leader>
  <controlfield tag="001">8441245</controlfield>
  <controlfield tag="003">DLC</controlfield>
  <controlfield tag="005">20200105123140.0</controlfield>
  <controlfield tag="008">101012n| azannaabn          |n aaa     c</controlfield>
  <datafield tag="010" ind1=" " ind2=" ">
    <subfield code="a">no2010166052</subfield>
  </datafield>
  <datafield tag="035" ind1=" " ind2=" ">
    <subfield code="a">(OCoLC)oca08654373</subfield>
  </datafield>
  <datafield tag="040" ind1=" " ind2=" ">
    <subfield code="a">WaU</subfield>
    <subfield code="b">eng</subfield>
    <subfield code="c">WaU</subfield>
    <subfield code="e">rda</subfield>
    <subfield code="d">MdRoLAC</subfield>
  </datafield>
  <datafield tag="100" ind1="1" ind2=" ">
    <subfield code="a">Merkley, Eric D.</subfield>
  </datafield>
  <datafield tag="370" ind1=" " ind2=" ">
    <subfield code="f">Richland (Wash.)</subfield>
    <subfield code="2">naf</subfield>
  </datafield>
  <datafield tag="372" ind1=" " ind2=" ">
    <subfield code="a">Science</subfield>
    <subfield code="a">Chemistry</subfield>
    <subfield code="2">lcsh</subfield>
  </datafield>
  <datafield tag="373" ind1=" " ind2=" ">
    <subfield code="a">Pacific Northwest National Laboratory (U.S.)</subfield>
    <subfield code="2">naf</subfield>
  </datafield>
  <datafield tag="670" ind1=" " ind2=" ">
    <subfield code="a">Urea and temperature dependence of the physical and spectroscopic properties of the NADH oxidase from Thermus thermophilus HB8, 2010:</subfield>
    <subfield code="b">t.p. (Eric D. Merkley)</subfield>
  </datafield>
  <datafield tag="670" ind1=" " ind2=" ">
    <subfield code="a">LinkedIn profile, viewed 4 January 2020:</subfield>
    <subfield code="b">(Scientist, Chemical and Biological Signature Sciences Group, Pacific Northwest National Laboratory / Richland, Washington)</subfield>
    <subfield code="u">https://www.linkedin.com/in/eric-merkley-b57b4010/</subfield>
  </datafield>
</record>