
<record>
  <leader>00831cz  a2200193n  4500</leader>
  <controlfield tag="001">8703691</controlfield>
  <controlfield tag="003">DLC</controlfield>
  <controlfield tag="005">20200105123138.0</controlfield>
  <controlfield tag="008">110714n| azannaabn          |n aaa     c</controlfield>
  <datafield tag="010" ind1=" " ind2=" ">
    <subfield code="a">no2011107787</subfield>
  </datafield>
  <datafield tag="035" ind1=" " ind2=" ">
    <subfield code="a">(OCoLC)oca08913894</subfield>
  </datafield>
  <datafield tag="040" ind1=" " ind2=" ">
    <subfield code="a">FTS</subfield>
    <subfield code="b">eng</subfield>
    <subfield code="c">FTS</subfield>
    <subfield code="e">rda</subfield>
    <subfield code="d">MdRoLAC</subfield>
  </datafield>
  <datafield tag="046" ind1=" " ind2=" ">
    <subfield code="f">1956</subfield>
    <subfield code="2">edtf</subfield>
  </datafield>
  <datafield tag="100" ind1="1" ind2=" ">
    <subfield code="a">Steigmann, David J.</subfield>
  </datafield>
  <datafield tag="370" ind1=" " ind2=" ">
    <subfield code="f">Berkeley (Calif.)</subfield>
    <subfield code="2">naf</subfield>
  </datafield>
  <datafield tag="372" ind1=" " ind2=" ">
    <subfield code="a">Engineering</subfield>
    <subfield code="2">lcsh</subfield>
  </datafield>
  <datafield tag="373" ind1=" " ind2=" ">
    <subfield code="a">University of California, Berkeley</subfield>
    <subfield code="2">naf</subfield>
  </datafield>
  <datafield tag="670" ind1=" " ind2=" ">
    <subfield code="a">Mechanics and electrodynamics of magneto-and electro-elastic materials, c2011:</subfield>
    <subfield code="b">t.p. (David J. Steigmann)</subfield>
  </datafield>
  <datafield tag="670" ind1=" " ind2=" ">
    <subfield code="a">Discrete and continuum models for complex (meta-)materials, 2020:</subfield>
    <subfield code="b">eCIP title page (edited by Francesco dell&apos;Isola and David Steigmann) data view (birth year: 1956) galley (Department of Mechanical Engineering, University of California at Berkeley)</subfield>
  </datafield>
</record>