
<record>
  <leader>00791cz  a2200193n  4500</leader>
  <controlfield tag="001">8866432</controlfield>
  <controlfield tag="003">DLC</controlfield>
  <controlfield tag="005">20200105123120.0</controlfield>
  <controlfield tag="008">120103n| azannaabn          |a aaa      </controlfield>
  <datafield tag="010" ind1=" " ind2=" ">
    <subfield code="a">nb2012000052</subfield>
  </datafield>
  <datafield tag="035" ind1=" " ind2=" ">
    <subfield code="a">(OCoLC)oca09077610</subfield>
  </datafield>
  <datafield tag="040" ind1=" " ind2=" ">
    <subfield code="a">Uk</subfield>
    <subfield code="b">eng</subfield>
    <subfield code="c">Uk</subfield>
    <subfield code="e">rda</subfield>
    <subfield code="d">MdRoLAC</subfield>
  </datafield>
  <datafield tag="046" ind1=" " ind2=" ">
    <subfield code="f">1962</subfield>
    <subfield code="2">edtf</subfield>
  </datafield>
  <datafield tag="100" ind1="1" ind2=" ">
    <subfield code="a">Dell&apos;Isola, Francesco</subfield>
  </datafield>
  <datafield tag="370" ind1=" " ind2=" ">
    <subfield code="f">Rome (Italy)</subfield>
    <subfield code="2">naf</subfield>
  </datafield>
  <datafield tag="373" ind1=" " ind2=" ">
    <subfield code="a">Università degli studi di Roma &quot;La Sapienza&quot;</subfield>
    <subfield code="2">naf</subfield>
  </datafield>
  <datafield tag="400" ind1="1" ind2=" ">
    <subfield code="a">Isola, Francesco Dell&apos;</subfield>
  </datafield>
  <datafield tag="670" ind1=" " ind2=" ">
    <subfield code="a">Variational models and methods in solid and fluid mechanics, c2011:</subfield>
    <subfield code="b">t.p. (Francesco Dell&apos;Isola, Università &quot;La Sapienza&quot;, Roma, Italy)</subfield>
  </datafield>
  <datafield tag="670" ind1=" " ind2=" ">
    <subfield code="a">Discrete and continuum models for complex (meta-)materials, 2020:</subfield>
    <subfield code="b">eCIP title page (edited by Francesco dell&apos;Isola and David Steigmann) data view (birth year: 1962)</subfield>
  </datafield>
</record>