
<record>
  <leader>01033cz  a2200229n  4500</leader>
  <controlfield tag="001">9294083</controlfield>
  <controlfield tag="003">DLC</controlfield>
  <controlfield tag="005">20200105222616.0</controlfield>
  <controlfield tag="008">130620n| azannaabn          |a ana      </controlfield>
  <datafield tag="010" ind1=" " ind2=" ">
    <subfield code="a">nb2013012749</subfield>
  </datafield>
  <datafield tag="035" ind1=" " ind2=" ">
    <subfield code="a">(Uk)008776382</subfield>
  </datafield>
  <datafield tag="040" ind1=" " ind2=" ">
    <subfield code="a">Uk</subfield>
    <subfield code="b">eng</subfield>
    <subfield code="e">rda</subfield>
    <subfield code="c">Uk</subfield>
    <subfield code="d">Uk</subfield>
    <subfield code="d">DLC</subfield>
  </datafield>
  <datafield tag="110" ind1="1" ind2=" ">
    <subfield code="a">Laos.</subfield>
    <subfield code="b">Département du patrimoine mondial de Vat Phu</subfield>
  </datafield>
  <datafield tag="368" ind1=" " ind2=" ">
    <subfield code="a">Government department</subfield>
  </datafield>
  <datafield tag="370" ind1=" " ind2=" ">
    <subfield code="c">Laos</subfield>
    <subfield code="e">Champasak (Laos)</subfield>
    <subfield code="2">naf</subfield>
  </datafield>
  <datafield tag="372" ind1=" " ind2=" ">
    <subfield code="a">Historic sites</subfield>
    <subfield code="2">lcsh</subfield>
  </datafield>
  <datafield tag="410" ind1="1" ind2=" ">
    <subfield code="a">Laos.</subfield>
    <subfield code="b">Department of World Heritage of Vat Phu</subfield>
  </datafield>
  <datafield tag="410" ind1="1" ind2=" ">
    <subfield code="a">Laos.</subfield>
    <subfield code="b">Département du site du patrimoine mondial de Vat Phu</subfield>
  </datafield>
  <datafield tag="410" ind1="2" ind2=" ">
    <subfield code="a">DPV</subfield>
  </datafield>
  <datafield tag="670" ind1=" " ind2=" ">
    <subfield code="a">vat phu champassak, 2012:</subfield>
    <subfield code="b">colophon (Department of World Heritage of Vat Phu, Champassak, Lao PDR ; Departement du Patrimoine mondial de Vat Phu, Champassak - RDP Lao)</subfield>
  </datafield>
  <datafield tag="670" ind1=" " ind2=" ">
    <subfield code="a">Autour de Vat Phu, [2012]:</subfield>
    <subfield code="b">t.p. (Département du site du Patrimoine mondial de Vat Phu - Champassak)</subfield>
  </datafield>
  <datafield tag="670" ind1=" " ind2=" ">
    <subfield code="a">Collections du musée de Vat Phu, 2012:</subfield>
    <subfield code="b">t.p. verso (Département du patrimoine mondial de Vat Phu, Champassak; DPV)</subfield>
  </datafield>
</record>