
<record>
  <leader>00515cz  a2200169n  4500</leader>
  <controlfield tag="001">9294488</controlfield>
  <controlfield tag="003">DLC</controlfield>
  <controlfield tag="005">20200105123119.0</controlfield>
  <controlfield tag="008">130620n| azannaabn          |a aaa     c</controlfield>
  <datafield tag="010" ind1=" " ind2=" ">
    <subfield code="a">no2013067291</subfield>
  </datafield>
  <datafield tag="035" ind1=" " ind2=" ">
    <subfield code="a">(OCoLC)oca09501506</subfield>
  </datafield>
  <datafield tag="040" ind1=" " ind2=" ">
    <subfield code="a">GVaS</subfield>
    <subfield code="b">eng</subfield>
    <subfield code="e">rda</subfield>
    <subfield code="c">GVaS</subfield>
    <subfield code="d">CU-S</subfield>
  </datafield>
  <datafield tag="046" ind1=" " ind2=" ">
    <subfield code="k">1984</subfield>
    <subfield code="v">Biodynamics. 1st ed.</subfield>
  </datafield>
  <datafield tag="046" ind1=" " ind2=" ">
    <subfield code="k">2010</subfield>
    <subfield code="v">Biomechanics, 2nd ed.</subfield>
  </datafield>
  <datafield tag="100" ind1="1" ind2=" ">
    <subfield code="a">Fung, Y. C.</subfield>
    <subfield code="q">(Yuan-cheng),</subfield>
    <subfield code="d">1919-2019.</subfield>
    <subfield code="t">Biodynamics</subfield>
  </datafield>
  <datafield tag="400" ind1="1" ind2=" ">
    <subfield code="a">Fung, Y. C.</subfield>
    <subfield code="q">(Yuan-cheng),</subfield>
    <subfield code="d">1919-2019.</subfield>
    <subfield code="t">Biomechanics</subfield>
  </datafield>
  <datafield tag="670" ind1=" " ind2=" ">
    <subfield code="a">Fung, Y.C. Biomechanics</subfield>
  </datafield>
</record>