
<record>
  <leader>01282cz  a2200217n  4500</leader>
  <controlfield tag="001">9732424</controlfield>
  <controlfield tag="003">DLC</controlfield>
  <controlfield tag="005">20200105123112.0</controlfield>
  <controlfield tag="008">141211n| azannaabn          |a aaa     c</controlfield>
  <datafield tag="010" ind1=" " ind2=" ">
    <subfield code="a">ns2014005902</subfield>
  </datafield>
  <datafield tag="035" ind1=" " ind2=" ">
    <subfield code="a">(OCoLC)oca10040786</subfield>
  </datafield>
  <datafield tag="040" ind1=" " ind2=" ">
    <subfield code="a">MX-CmFLC</subfield>
    <subfield code="b">eng</subfield>
    <subfield code="e">rda</subfield>
    <subfield code="c">MX-CmFLC</subfield>
    <subfield code="d">MdRoLAC</subfield>
  </datafield>
  <datafield tag="046" ind1=" " ind2=" ">
    <subfield code="f">1982</subfield>
    <subfield code="2">edtf</subfield>
  </datafield>
  <datafield tag="100" ind1="1" ind2=" ">
    <subfield code="a">Anzures Escandón, Tonatiuh</subfield>
  </datafield>
  <datafield tag="373" ind1=" " ind2=" ">
    <subfield code="a">FLACSO (Organization)</subfield>
    <subfield code="a">Universidad Iberoamericana (Mexico City, Mexico)</subfield>
    <subfield code="a">University College, London</subfield>
    <subfield code="2">naf</subfield>
  </datafield>
  <datafield tag="377" ind1=" " ind2=" ">
    <subfield code="a">spa</subfield>
  </datafield>
  <datafield tag="400" ind1="1" ind2=" ">
    <subfield code="a">Escandón, Tonatiuh Anzures</subfield>
  </datafield>
  <datafield tag="400" ind1="1" ind2=" ">
    <subfield code="a">Anzures, Tonatiuh</subfield>
  </datafield>
  <datafield tag="670" ind1=" " ind2=" ">
    <subfield code="a">Después de cincuenta años, ¿aún necesitamos los libros de texto gratuitos?..., 2010:</subfield>
    <subfield code="b">title page (Tonatiuh Anzures Escandón)</subfield>
  </datafield>
  <datafield tag="670" ind1=" " ind2=" ">
    <subfield code="a">Opening pathways, building bridges, 2020:</subfield>
    <subfield code="b">eCIP title page (Tonatiuh Anzures) data view (birth year: 1982)</subfield>
  </datafield>
  <datafield tag="670" ind1=" " ind2=" ">
    <subfield code="a">Ideibero America web profile, viewed 4 January 2019:</subfield>
    <subfield code="b">(TONATIUH ANZURES es politólogo por la Universidad Iberoamericana; especialista en política educativa y maestro en políticas públicas por la Facultad Latinoamericana de Ciencias Sociales (FLACSO-México); y doctor en Estudios de Ciencia, Tecnología y Sociedad (CTS) por University College London, en el Reino Unido)</subfield>
    <subfield code="u">https://www.ideiberoamerica.com/catedraticos/tonatiuh-anzures-</subfield>
  </datafield>
</record>