
<record>
  <leader>03280cz  a2200349n  4500</leader>
  <controlfield tag="001">9975382</controlfield>
  <controlfield tag="003">DLC</controlfield>
  <controlfield tag="005">20200105123113.0</controlfield>
  <controlfield tag="008">150929n| azannaabn          |a ana     c</controlfield>
  <datafield tag="010" ind1=" " ind2=" ">
    <subfield code="a">no2015130225</subfield>
  </datafield>
  <datafield tag="035" ind1=" " ind2=" ">
    <subfield code="a">(OCoLC)oca10282685</subfield>
  </datafield>
  <datafield tag="040" ind1=" " ind2=" ">
    <subfield code="a">NNFr</subfield>
    <subfield code="b">eng</subfield>
    <subfield code="e">rda</subfield>
    <subfield code="c">NNFr</subfield>
    <subfield code="d">NNFr</subfield>
  </datafield>
  <datafield tag="046" ind1=" " ind2=" ">
    <subfield code="s">1905</subfield>
    <subfield code="t">1941~</subfield>
    <subfield code="2">edtf</subfield>
  </datafield>
  <datafield tag="110" ind1="2" ind2=" ">
    <subfield code="a">Rīgas pilsētas mākslas muzejs</subfield>
  </datafield>
  <datafield tag="368" ind1=" " ind2=" ">
    <subfield code="a">Art museums</subfield>
    <subfield code="2">lcsh</subfield>
  </datafield>
  <datafield tag="370" ind1=" " ind2=" ">
    <subfield code="c">Latvia</subfield>
    <subfield code="e">Rīga (Latvia)</subfield>
    <subfield code="2">naf</subfield>
  </datafield>
  <datafield tag="371" ind1=" " ind2=" ">
    <subfield code="a">1 Janis Rozentāls Square</subfield>
    <subfield code="b">Rīga</subfield>
    <subfield code="d">Latvia</subfield>
  </datafield>
  <datafield tag="372" ind1=" " ind2=" ">
    <subfield code="a">Art--Exhibitions</subfield>
    <subfield code="2">lcsh</subfield>
  </datafield>
  <datafield tag="377" ind1=" " ind2=" ">
    <subfield code="a">lav</subfield>
  </datafield>
  <datafield tag="410" ind1="2" ind2=" ">
    <subfield code="a">Pilsētas mākslas muzejs</subfield>
  </datafield>
  <datafield tag="410" ind1="2" ind2=" ">
    <subfield code="a">Rīga City Art Museum</subfield>
  </datafield>
  <datafield tag="410" ind1="2" ind2=" ">
    <subfield code="a">Rīga City Art Gallery</subfield>
  </datafield>
  <datafield tag="410" ind1="2" ind2=" ">
    <subfield code="a">Galvaspilsētas Rīgas mākslas muzejs</subfield>
  </datafield>
  <datafield tag="410" ind1="2" ind2=" ">
    <subfield code="a">Galvas pilsētas Rīgas mākslas muzejs</subfield>
  </datafield>
  <datafield tag="510" ind1="2" ind2=" ">
    <subfield code="w">r</subfield>
    <subfield code="i">Successor:</subfield>
    <subfield code="a">Vācu zemes mūzejs</subfield>
  </datafield>
  <datafield tag="670" ind1=" " ind2=" ">
    <subfield code="a">Mākslas izstādes katalogs, 1928:</subfield>
    <subfield code="b">title page (Rīgas pilsētas mākslas muzejā)</subfield>
  </datafield>
  <datafield tag="670" ind1=" " ind2=" ">
    <subfield code="a">Latvijas Nacionālais mākslas muzejs WWW site, 14 October 2018</subfield>
    <subfield code="b">par mums--vēsture (from 1905-1940 Rīgas pilsētas mākslas muzejs housed in first purpose-built museum building in Latvia at 1 Janis Rozentāls Square, Rīga; directors: Wilhelm Neumann and Vilhelms Purvītis; Purvītis began building Latvian art collections to complement historic European collections; in 1940 government of Soviet-occupied Latvia began reorganization of the two major art museums in Rīga [Rīgas pilsētas mākslas muzejs = Riga City Art Gallery and Valsts Mākslas muzejs = State Museum of Art, which also had both a Latvian and European art collections]: Latvian art  collections  would be sent to Valsts latviešu un krievu mākslas muzejs [known again from 1989-2005 as Valsts Mākslas muzejs] and foreign art collections would be sent to Valsts vakareiropas mākslas muzejs [no records in OCLC database; later known as Ārzemju mākslas muzejs, today part of Latvian National Art Museum known as Rīga Bourse])</subfield>
  </datafield>
  <datafield tag="670" ind1=" " ind2=" ">
    <subfield code="a">Wikipedia, 14 October 2018</subfield>
    <subfield code="b">(heading: Latvijas Nacionālais mākslas muzejs; the first art museum of the city operated under the name Pilsētas mākslas muzejs = Rīga City Art Museum from 1905 to 1940; 1940-1945 Latvijas PSR Padomju muzejs [no records in OCLC database]; 1945-1964 Latvijas PSR Valsts latviešu un krievu mākslas muzejs; 1964-1987 Latvijas PSR Mākslas muzejs; 1987-1995 Valsts mākslas muzejs; 1995- Latvijas Nacionālais mākslas muzejs; heading: Rīgas birža (mākslas muzejs); foreign art collections of Rīgas pilsētas mākslas muzejs sent to Valsts vakareiropas mākslas muzejs after Second World War, later known as Latvijas PSR Valsts Aizrobežu mākslas muzejs)</subfield>
  </datafield>
  <datafield tag="670" ind1=" " ind2=" ">
    <subfield code="a">Vispārējā mākslas izstāde Rīgā, 1943:</subfield>
    <subfield code="b">page 1 (...Pilsētas mākslas muzeja) page 3 (...Valsts mākslas muzeja)</subfield>
  </datafield>
  <datafield tag="670" ind1=" " ind2=" ">
    <subfield code="a">Mākslas izstāde Rīgā, 1942:</subfield>
    <subfield code="b">title page (... Vācu zemes mūzejā; parenthetical note: &quot;formerly Rīgas pilsētas mākslas muzejs&quot;)</subfield>
  </datafield>
  <datafield tag="670" ind1=" " ind2=" ">
    <subfield code="a">Mākslinieku biedrība Zaļā Vārna, 1938:</subfield>
    <subfield code="b">page 1 of cover (...Galvaspilsētas Rīgas mākslas muzejā)</subfield>
  </datafield>
  <datafield tag="670" ind1=" " ind2=" ">
    <subfield code="a">Alberta Filkas piemiņas gleznu izstāde katalogs, 1938:</subfield>
    <subfield code="b">page 1 of cover (...Galvas pilsētas Rīgas mākslas muzejā)</subfield>
  </datafield>
</record>