
<record>
  <leader>01905cz  a2200277n  4500</leader>
  <controlfield tag="001">10260587</controlfield>
  <controlfield tag="003">DLC</controlfield>
  <controlfield tag="005">20200105223053.0</controlfield>
  <controlfield tag="008">160919n| azannaabn          |a ana      </controlfield>
  <datafield tag="010" ind1=" " ind2=" ">
    <subfield code="a">n 2016221359</subfield>
  </datafield>
  <datafield tag="040" ind1=" " ind2=" ">
    <subfield code="a">DLC</subfield>
    <subfield code="b">eng</subfield>
    <subfield code="c">DLC</subfield>
    <subfield code="e">rda</subfield>
    <subfield code="d">DLC</subfield>
  </datafield>
  <datafield tag="046" ind1=" " ind2=" ">
    <subfield code="s">2015</subfield>
    <subfield code="2">edtf</subfield>
  </datafield>
  <datafield tag="110" ind1="1" ind2=" ">
    <subfield code="a">Indonesia.</subfield>
    <subfield code="b">Dewan Perwakilan Rakyat.</subfield>
    <subfield code="b">Pusat Penelitian</subfield>
  </datafield>
  <datafield tag="368" ind1=" " ind2=" ">
    <subfield code="a">Government agency</subfield>
    <subfield code="a">Research centre</subfield>
  </datafield>
  <datafield tag="371" ind1=" " ind2=" ">
    <subfield code="a">Gedung Nusantara I Lt. 2, Jl. Jenderal Gatot Subroto</subfield>
    <subfield code="b">Jakarta</subfield>
    <subfield code="d">Indonesia</subfield>
    <subfield code="e">10270</subfield>
  </datafield>
  <datafield tag="377" ind1=" " ind2=" ">
    <subfield code="a">ind</subfield>
  </datafield>
  <datafield tag="410" ind1="1" ind2=" ">
    <subfield code="a">Indonesia.</subfield>
    <subfield code="b">Dewan Perwakilan Rakyat.</subfield>
    <subfield code="b">Badan Keahlian.</subfield>
    <subfield code="b">Pusat Penelitian</subfield>
  </datafield>
  <datafield tag="410" ind1="2" ind2=" ">
    <subfield code="a">Puslit BKD DPR RI</subfield>
  </datafield>
  <datafield tag="410" ind1="2" ind2=" ">
    <subfield code="a">Pusat Penelitian BKD DPR RI</subfield>
  </datafield>
  <datafield tag="410" ind1="2" ind2=" ">
    <subfield code="a">Puslit BK DPR RI</subfield>
  </datafield>
  <datafield tag="510" ind1="1" ind2=" ">
    <subfield code="w">a</subfield>
    <subfield code="a">Indonesia.</subfield>
    <subfield code="b">Dewan Perwakilan Rakyat.</subfield>
    <subfield code="b">Pusat Pengkajian Pengolahan Data dan Informasi</subfield>
  </datafield>
  <datafield tag="670" ind1=" " ind2=" ">
    <subfield code="a">Selayang pandang Pusat Penelitian Badan Keahlian DPR RI, 2016:</subfield>
    <subfield code="b">t.p. (Pusat Penelitian Badan Keahlian DPR RI) p. iii (Puslit BKD DPR RI)</subfield>
  </datafield>
  <datafield tag="670" ind1=" " ind2=" ">
    <subfield code="a">Its official website, viewed on Sept. 19, 2016:</subfield>
    <subfield code="b">home page (a research centre of the Indonesian House of Representatives; under the administration of Badan Keahlian DPR RI)</subfield>
  </datafield>
  <datafield tag="670" ind1=" " ind2=" ">
    <subfield code="a">Phone call to the Centre, April 4, 2018:</subfield>
    <subfield code="b">(Pusat Penelitian Badan Keahlian DPR RI; the researcher was under Pusat Pengkajian Pengolahan Data dan Informasi; since 2015 split into Pusat Penelitian under Badan Keahlian DPR RI and Pusat Data dan Informasi under Sekretariat Jenderal DPR RI)</subfield>
  </datafield>
  <datafield tag="670" ind1=" " ind2=" ">
    <subfield code="a">Kebijakan ketenagakerjaan dalam perspektif kesejahteraan, 2017:</subfield>
    <subfield code="b">t.p. verso (Pusat Penelitian, Badan Keahlian DPR RI) p. iv (Pusat Penelitian BKD DPR RI)</subfield>
  </datafield>
  <datafield tag="670" ind1=" " ind2=" ">
    <subfield code="a">Pencegahan dan penegakan hukum atas pencemaran dan kerusakan lingkungan hidup, 2018:</subfield>
    <subfield code="b">t.p. (Pusat Penelitian, Badan Keahlian, Dewan Perwakilan Rakyat, Republik Indonesia) t.p. verso (address: Gedung Nusantara I Lt. 2, Jl. Jenderal Gatot Subroto, Jakarta Pusat 10270) p. iv (Puslit BK DPR RI)</subfield>
  </datafield>
</record>