
<record>
  <leader>00598cz  a2200145n  4500</leader>
  <controlfield tag="001">10318259</controlfield>
  <controlfield tag="003">DLC</controlfield>
  <controlfield tag="005">20200105230251.0</controlfield>
  <controlfield tag="008">161128n| azannaabn          |n ana      </controlfield>
  <datafield tag="010" ind1=" " ind2=" ">
    <subfield code="a">n 2016221672</subfield>
  </datafield>
  <datafield tag="040" ind1=" " ind2=" ">
    <subfield code="a">DLC</subfield>
    <subfield code="b">eng</subfield>
    <subfield code="c">DLC</subfield>
    <subfield code="e">rda</subfield>
    <subfield code="d">DLC</subfield>
  </datafield>
  <datafield tag="046" ind1=" " ind2=" ">
    <subfield code="s">2015-08-23</subfield>
    <subfield code="t">2015-11-01</subfield>
    <subfield code="2">edtf</subfield>
  </datafield>
  <datafield tag="111" ind1="2" ind2=" ">
    <subfield code="a">Bengkel Bahasa dan Sastra Indonesia Bagi Siswa SLTA Kabupaten Bantul</subfield>
    <subfield code="d">(2015 :</subfield>
    <subfield code="c">Bantul, Indonesia)</subfield>
  </datafield>
  <datafield tag="368" ind1=" " ind2=" ">
    <subfield code="a">Workshop</subfield>
  </datafield>
  <datafield tag="670" ind1=" " ind2=" ">
    <subfield code="a">Ekspresi literasi, 2015:</subfield>
    <subfield code="b">t.p. (Bengkel Bahasa dan Sastra Indonesia Bagi Siswa SLTA Kabupaten Bantul) p. vii, etc. (held Agustus 23-November 1, 2015 in Bantul; workshop held annually)</subfield>
  </datafield>
</record>