
<record>
  <leader>00778cz  a2200193n  4500</leader>
  <controlfield tag="001">10389291</controlfield>
  <controlfield tag="003">DLC</controlfield>
  <controlfield tag="005">20200105212150.0</controlfield>
  <controlfield tag="008">170302n| azannaabn          |a aaa      </controlfield>
  <datafield tag="010" ind1=" " ind2=" ">
    <subfield code="a">n 2017228036</subfield>
  </datafield>
  <datafield tag="040" ind1=" " ind2=" ">
    <subfield code="a">DLC</subfield>
    <subfield code="b">eng</subfield>
    <subfield code="c">DLC</subfield>
    <subfield code="e">rda</subfield>
    <subfield code="d">DLC</subfield>
  </datafield>
  <datafield tag="100" ind1="0" ind2=" ">
    <subfield code="a">Abdurrahman Raden Aji Haqqi</subfield>
  </datafield>
  <datafield tag="370" ind1=" " ind2=" ">
    <subfield code="c">Brunei</subfield>
  </datafield>
  <datafield tag="373" ind1=" " ind2=" ">
    <subfield code="a">Universiti Islam Sultan Sharif Ali</subfield>
    <subfield code="a">International Islamic University Malaysia</subfield>
    <subfield code="2">naf</subfield>
  </datafield>
  <datafield tag="374" ind1=" " ind2=" ">
    <subfield code="a">Lecturer</subfield>
  </datafield>
  <datafield tag="375" ind1=" " ind2=" ">
    <subfield code="a">male</subfield>
  </datafield>
  <datafield tag="377" ind1=" " ind2=" ">
    <subfield code="a">may</subfield>
  </datafield>
  <datafield tag="400" ind1="1" ind2=" ">
    <subfield code="a">Haqqi, Abdurrahman Raden Aji</subfield>
  </datafield>
  <datafield tag="670" ind1=" " ind2=" ">
    <subfield code="a">Individu ulul albab pakar rujuk masyarakat, 2015:</subfield>
    <subfield code="b">t.p. (Abdurrahman Raden Aji Haqqi) cover p. 4 (Master of Comparative Law, Kuliyah Undang-undang in 1992 &amp; Ph.D. in Law, 1996, Univ. Islam Antarabangsa Malaysia; Lecturer at Universiti Islam Sultan Sharif Ali since 2007)</subfield>
  </datafield>
</record>