
<record>
  <leader>01044cz  a2200229n  4500</leader>
  <controlfield tag="001">10932054</controlfield>
  <controlfield tag="003">DLC</controlfield>
  <controlfield tag="005">20200105123113.0</controlfield>
  <controlfield tag="008">181214n| azannaabn          |n aaa     c</controlfield>
  <datafield tag="010" ind1=" " ind2=" ">
    <subfield code="a">no2018172196</subfield>
  </datafield>
  <datafield tag="035" ind1=" " ind2=" ">
    <subfield code="a">(OCoLC)oca11704377</subfield>
  </datafield>
  <datafield tag="040" ind1=" " ind2=" ">
    <subfield code="a">NNC</subfield>
    <subfield code="b">eng</subfield>
    <subfield code="e">rda</subfield>
    <subfield code="c">NNC</subfield>
    <subfield code="d">ScU</subfield>
    <subfield code="d">KyU</subfield>
  </datafield>
  <datafield tag="046" ind1=" " ind2=" ">
    <subfield code="f">1884-12-03</subfield>
    <subfield code="g">1955-05-05</subfield>
    <subfield code="2">edtf</subfield>
  </datafield>
  <datafield tag="100" ind1="1" ind2=" ">
    <subfield code="a">Arnold, Jessie,</subfield>
    <subfield code="d">1884-1955</subfield>
  </datafield>
  <datafield tag="370" ind1=" " ind2=" ">
    <subfield code="a">Lyons (Mich. : Township)</subfield>
    <subfield code="b">Los Angeles (Calif.)</subfield>
    <subfield code="c">United States</subfield>
    <subfield code="2">naf</subfield>
  </datafield>
  <datafield tag="372" ind1=" " ind2=" ">
    <subfield code="a">Acting</subfield>
    <subfield code="2">lcsh</subfield>
  </datafield>
  <datafield tag="374" ind1=" " ind2=" ">
    <subfield code="a">Actors</subfield>
    <subfield code="2">lcsh</subfield>
  </datafield>
  <datafield tag="375" ind1=" " ind2=" ">
    <subfield code="a">Females</subfield>
    <subfield code="2">lcdgt</subfield>
  </datafield>
  <datafield tag="377" ind1=" " ind2=" ">
    <subfield code="a">eng</subfield>
  </datafield>
  <datafield tag="670" ind1=" " ind2=" ">
    <subfield code="a">Shoes, 2018:</subfield>
    <subfield code="b">DVD container (cast: Jessie Arnold)</subfield>
  </datafield>
  <datafield tag="670" ind1=" " ind2=" ">
    <subfield code="a">IMDb WWW site, viewed Dec. 14, 2018:</subfield>
    <subfield code="b">name web page (Jessie Arnold; actress; born on Decmember 3, 1884 in Lyons, Michigan; known for Shoes (1916), The Wager (1912), The Dark Mirror (1920), Air Hostess (1949); died on May 5, 1955 in Los Angeles, California)</subfield>
  </datafield>
  <datafield tag="670" ind1=" " ind2=" ">
    <subfield code="a">IMDb, December 20, 2018:</subfield>
    <subfield code="b">(Jessie Arnold, actress ; b. December 3, 1884 in Lyons, Michigan, USA ; d. May 5, 1955 (age 70) in Los Angeles, California, USA)</subfield>
  </datafield>
</record>