
<record>
  <leader>01520cz  a2200265n  4500</leader>
  <controlfield tag="001">11061856</controlfield>
  <controlfield tag="003">DLC</controlfield>
  <controlfield tag="005">20200105123113.0</controlfield>
  <controlfield tag="008">190516n| azannaabn          |a aaa     c</controlfield>
  <datafield tag="010" ind1=" " ind2=" ">
    <subfield code="a">no2019073378</subfield>
  </datafield>
  <datafield tag="035" ind1=" " ind2=" ">
    <subfield code="a">(OCoLC)oca12084049</subfield>
  </datafield>
  <datafield tag="040" ind1=" " ind2=" ">
    <subfield code="a">ABAU</subfield>
    <subfield code="b">eng</subfield>
    <subfield code="e">rda</subfield>
    <subfield code="c">ABAU</subfield>
    <subfield code="d">ABAU</subfield>
  </datafield>
  <datafield tag="100" ind1="1" ind2=" ">
    <subfield code="a">Allen, W. James</subfield>
    <subfield code="q">(William James)</subfield>
  </datafield>
  <datafield tag="370" ind1=" " ind2=" ">
    <subfield code="f">Belfast (Northern Ireland)</subfield>
    <subfield code="2">naf</subfield>
  </datafield>
  <datafield tag="372" ind1=" " ind2=" ">
    <subfield code="a">Automobiles--Electronic equipment--Design and construction</subfield>
    <subfield code="a">Automotive computers--Design and construction</subfield>
    <subfield code="2">lcsh</subfield>
  </datafield>
  <datafield tag="373" ind1=" " ind2=" ">
    <subfield code="a">Queen&apos;s University of Belfast</subfield>
    <subfield code="2">naf</subfield>
  </datafield>
  <datafield tag="373" ind1=" " ind2=" ">
    <subfield code="a">Delphi Delco Electronics Systems</subfield>
    <subfield code="2">naf</subfield>
    <subfield code="s">1987</subfield>
  </datafield>
  <datafield tag="373" ind1=" " ind2=" ">
    <subfield code="a">Delphi Electronics and Safety (Firm)</subfield>
  </datafield>
  <datafield tag="374" ind1=" " ind2=" ">
    <subfield code="a">Computer scientists</subfield>
    <subfield code="a">Electronics engineers</subfield>
    <subfield code="a">Automobile engineers</subfield>
    <subfield code="2">lcsh</subfield>
  </datafield>
  <datafield tag="375" ind1=" " ind2=" ">
    <subfield code="a">Males</subfield>
    <subfield code="2">lcdgt</subfield>
  </datafield>
  <datafield tag="377" ind1=" " ind2=" ">
    <subfield code="a">eng</subfield>
  </datafield>
  <datafield tag="378" ind1=" " ind2=" ">
    <subfield code="q">William James</subfield>
  </datafield>
  <datafield tag="400" ind1="1" ind2=" ">
    <subfield code="a">Allen, William James</subfield>
  </datafield>
  <datafield tag="670" ind1=" " ind2=" ">
    <subfield code="a">His Calibration development with production intent electronic control units, ©2000:</subfield>
    <subfield code="b">title page (W. James Allen, Delphi Delco Electronics Systems) pages 4-5 (The author is a graduate of the Queen&apos;s University of Belfast, N. Ireland, has a Master&apos;s Degree in Computer Science and a Bachelor&apos;s Degree in Electrical Electronic Engineering. The author joined Delphi Delco Electronics Systems, Development Instrumentation Department in 1987 and can be contacted at william.james.allen@ ... )</subfield>
  </datafield>
  <datafield tag="670" ind1=" " ind2=" ">
    <subfield code="a">His Development of a model-based powertrain and vehicle simulator for ECU test benches, ©2006:</subfield>
    <subfield code="b">title page (W. James Allen, Delphi Electronics and Safety)</subfield>
  </datafield>
</record>