
<record>
  <leader>01157cz  a2200253n  4500</leader>
  <controlfield tag="001">11112833</controlfield>
  <controlfield tag="003">DLC</controlfield>
  <controlfield tag="005">20200105123114.0</controlfield>
  <controlfield tag="008">190714n| azannaabn          |a ana     c</controlfield>
  <datafield tag="010" ind1=" " ind2=" ">
    <subfield code="a">no2019102550</subfield>
  </datafield>
  <datafield tag="035" ind1=" " ind2=" ">
    <subfield code="a">(OCoLC)oca12256391</subfield>
  </datafield>
  <datafield tag="040" ind1=" " ind2=" ">
    <subfield code="a">NNFr</subfield>
    <subfield code="b">eng</subfield>
    <subfield code="e">rda</subfield>
    <subfield code="c">NNFr</subfield>
    <subfield code="d">NNFr</subfield>
  </datafield>
  <datafield tag="046" ind1=" " ind2=" ">
    <subfield code="s">1935~</subfield>
    <subfield code="2">edtf</subfield>
  </datafield>
  <datafield tag="110" ind1="2" ind2=" ">
    <subfield code="a">Eesti Akadeemiline Kunstnike Koondis</subfield>
  </datafield>
  <datafield tag="368" ind1=" " ind2=" ">
    <subfield code="a">Associations, institutions, etc.</subfield>
    <subfield code="2">lcsh</subfield>
  </datafield>
  <datafield tag="370" ind1=" " ind2=" ">
    <subfield code="c">Estonia</subfield>
    <subfield code="2">naf</subfield>
  </datafield>
  <datafield tag="372" ind1=" " ind2=" ">
    <subfield code="a">Art, Estonian</subfield>
    <subfield code="2">lcsh</subfield>
  </datafield>
  <datafield tag="377" ind1=" " ind2=" ">
    <subfield code="a">est</subfield>
  </datafield>
  <datafield tag="410" ind1="2" ind2=" ">
    <subfield code="a">EAKK</subfield>
  </datafield>
  <datafield tag="410" ind1="2" ind2=" ">
    <subfield code="a">Estijos dailininkų akademinė sąjunga</subfield>
  </datafield>
  <datafield tag="410" ind1="2" ind2=" ">
    <subfield code="a">Eesti Akadeemiline Kutseõigusliste Kunstnikkude Koondise</subfield>
  </datafield>
  <datafield tag="670" ind1=" " ind2=" ">
    <subfield code="a">III kunstinäitus : Eesti akadeemilise kunstnike koondise, 1937:</subfield>
    <subfield code="b">page 1 of cover (Eesti akadeemilise kunstnike koondise) page 15 (Eesti akadeemilise kunstnike koondise, EAKK; largest art organization in Estonia; inaugural exhibition in 1935; supports students and exhibition inititatives)</subfield>
  </datafield>
  <datafield tag="670" ind1=" " ind2=" ">
    <subfield code="a">Estų dailės paroda, 1938:</subfield>
    <subfield code="b">title page (Estijos dailininkų akademinė sąjunga)</subfield>
  </datafield>
  <datafield tag="670" ind1=" " ind2=" ">
    <subfield code="a">Näituse katalog, 1935:</subfield>
    <subfield code="b">page 1 of cover (Eesti Akadeemiline Kutseõigusliste Kunstnikkude Koondise)</subfield>
  </datafield>
</record>