
<record>
  <leader>01923cz  a2200301n  4500</leader>
  <controlfield tag="001">11114952</controlfield>
  <controlfield tag="003">DLC</controlfield>
  <controlfield tag="005">20200105123114.0</controlfield>
  <controlfield tag="008">190716n| azannaabn          |a aaa     c</controlfield>
  <datafield tag="010" ind1=" " ind2=" ">
    <subfield code="a">no2019103720</subfield>
  </datafield>
  <datafield tag="035" ind1=" " ind2=" ">
    <subfield code="a">(OCoLC)oca12265191</subfield>
  </datafield>
  <datafield tag="040" ind1=" " ind2=" ">
    <subfield code="a">ABAU</subfield>
    <subfield code="b">eng</subfield>
    <subfield code="e">rda</subfield>
    <subfield code="c">ABAU</subfield>
    <subfield code="d">ABAU</subfield>
  </datafield>
  <datafield tag="100" ind1="1" ind2=" ">
    <subfield code="a">Pilo, L.</subfield>
    <subfield code="q">(Luigi)</subfield>
  </datafield>
  <datafield tag="370" ind1=" " ind2=" ">
    <subfield code="f">Turin (Italy)</subfield>
    <subfield code="2">naf</subfield>
  </datafield>
  <datafield tag="372" ind1=" " ind2=" ">
    <subfield code="a">Internal combustion engines--Dynamics--Research</subfield>
    <subfield code="a">Automobiles--Performance--Research</subfield>
    <subfield code="a">Automobiles--Power trains--Research</subfield>
    <subfield code="2">lcsh</subfield>
  </datafield>
  <datafield tag="373" ind1=" " ind2=" ">
    <subfield code="a">Fiat Auto S.p.A.</subfield>
    <subfield code="2">naf</subfield>
  </datafield>
  <datafield tag="373" ind1=" " ind2=" ">
    <subfield code="a">Fiat Powertrain Technologies S.p.A.</subfield>
    <subfield code="a">FPT Industrial S.p.A.</subfield>
    <subfield code="a">FA-GM Powertrain S.p.A.</subfield>
    <subfield code="a">Fiat-GM Powertrain S.p.A.</subfield>
  </datafield>
  <datafield tag="374" ind1=" " ind2=" ">
    <subfield code="a">Automobile engineers</subfield>
    <subfield code="2">lcsh</subfield>
  </datafield>
  <datafield tag="375" ind1=" " ind2=" ">
    <subfield code="a">Males</subfield>
    <subfield code="2">lcdgt</subfield>
  </datafield>
  <datafield tag="378" ind1=" " ind2=" ">
    <subfield code="q">Luigi</subfield>
  </datafield>
  <datafield tag="400" ind1="1" ind2=" ">
    <subfield code="a">Pilo, Luigi</subfield>
    <subfield code="c">(Automobile engineer)</subfield>
  </datafield>
  <datafield tag="670" ind1=" " ind2=" ">
    <subfield code="a">Millo, F. A contribution to engine and vehicle performance prediction, ©2000:</subfield>
    <subfield code="b">title page ( ... L. Pilo, Fiat Auto S.p.A.)</subfield>
  </datafield>
  <datafield tag="670" ind1=" " ind2=" ">
    <subfield code="a">His Prediction of vehicle radiated noise, ©1997:</subfield>
    <subfield code="b">title page ( ... Luigi Pilo, Fiat Auto)</subfield>
  </datafield>
  <datafield tag="670" ind1=" " ind2=" ">
    <subfield code="a">Millo, F. A numerical contribution to the improvement of individual cylinder AFR control in a 4 cylinder S.I. engine, ©2001:</subfield>
    <subfield code="b">( ... L. Pilo, Fiat Auto S.p.A.)</subfield>
  </datafield>
  <datafield tag="670" ind1=" " ind2=" ">
    <subfield code="a">Millo, F. Numerical simulation to improve engine control during tip-in manoeuvres, ©2003:</subfield>
    <subfield code="b">title page ( ... L. Pilo, FA-GM Powertrain S.p.A.)</subfield>
  </datafield>
  <datafield tag="670" ind1=" " ind2=" ">
    <subfield code="a">Celasco, A. The first E.O.B.D. application for multijet light duty diesel engine, ©2004:</subfield>
    <subfield code="b">title page ( ... L. Pilo ... Fiat GM Powertrain)</subfield>
  </datafield>
  <datafield tag="670" ind1=" " ind2=" ">
    <subfield code="a">Catania, A.E. New modeling for reliable evaluation of parameter variability effects on vehicle fuel consumption, ©2007:</subfield>
    <subfield code="b">title page ( ... L. Pilo ... Fiat Powertrain Technologies)</subfield>
  </datafield>
  <datafield tag="670" ind1=" " ind2=" ">
    <subfield code="a">Pettiti, M. Development of a new mean value model for the analysis of turbolag phenomena in automotive diesel engines, ©2007:</subfield>
    <subfield code="b">title page ( ... L. Pilo, Fiat Powertrain Technologies Italia, Italy)</subfield>
  </datafield>
</record>