
<record>
  <leader>02027cz  a2200277n  4500</leader>
  <controlfield tag="001">11170709</controlfield>
  <controlfield tag="003">DLC</controlfield>
  <controlfield tag="005">20200105202327.0</controlfield>
  <controlfield tag="008">190917n| azannaabn          |n aac     c</controlfield>
  <datafield tag="010" ind1=" " ind2=" ">
    <subfield code="a">no2019136871</subfield>
  </datafield>
  <datafield tag="035" ind1=" " ind2=" ">
    <subfield code="a">(OCoLC)oca12441402</subfield>
  </datafield>
  <datafield tag="040" ind1=" " ind2=" ">
    <subfield code="a">PPi-MA</subfield>
    <subfield code="b">eng</subfield>
    <subfield code="e">rda</subfield>
    <subfield code="c">PPi-MA</subfield>
    <subfield code="d">DLC</subfield>
  </datafield>
  <datafield tag="100" ind1="1" ind2=" ">
    <subfield code="a">Knowles, Julia</subfield>
    <subfield code="c">(Keyboard player)</subfield>
  </datafield>
  <datafield tag="370" ind1=" " ind2=" ">
    <subfield code="c">Luxembourg</subfield>
    <subfield code="2">naf</subfield>
  </datafield>
  <datafield tag="373" ind1=" " ind2=" ">
    <subfield code="a">Radio-Télé-Luxembourg. Orchestre symphonique</subfield>
    <subfield code="2">naf</subfield>
    <subfield code="s">1992-02</subfield>
    <subfield code="t">1996</subfield>
  </datafield>
  <datafield tag="373" ind1=" " ind2=" ">
    <subfield code="a">Orchestre philharmonique du Luxembourg</subfield>
    <subfield code="2">naf</subfield>
    <subfield code="s">1996</subfield>
  </datafield>
  <datafield tag="374" ind1=" " ind2=" ">
    <subfield code="a">Harpsichordists</subfield>
    <subfield code="a">Pianists</subfield>
    <subfield code="a">Reed organists</subfield>
    <subfield code="a">Translators</subfield>
    <subfield code="2">lcsh</subfield>
  </datafield>
  <datafield tag="375" ind1=" " ind2=" ">
    <subfield code="a">Females</subfield>
    <subfield code="2">lcdgt</subfield>
  </datafield>
  <datafield tag="667" ind1=" " ind2=" ">
    <subfield code="a">Formerly on undifferentiated name record: n  98043949</subfield>
  </datafield>
  <datafield tag="670" ind1=" " ind2=" ">
    <subfield code="a">Turner, K. Unlikely fusion [SR] p1996:</subfield>
    <subfield code="b">container (Julia Knowles, harpsichord)</subfield>
  </datafield>
  <datafield tag="670" ind1=" " ind2=" ">
    <subfield code="a">LCCN 98702980 [resource cataloged]</subfield>
    <subfield code="b">(recorded January 15-17 and February 20-24, 1994 in Luxembourg)</subfield>
  </datafield>
  <datafield tag="670" ind1=" " ind2=" ">
    <subfield code="a">BnF in VIAF, September 17, 2019</subfield>
    <subfield code="b">(authorized access point: Knowles‏, ‎Julia, pianiste; also plays harmonium; member of Orchestre philharmonique du Luxembourg (in 2006))</subfield>
  </datafield>
  <datafield tag="670" ind1=" " ind2=" ">
    <subfield code="a">LinkedIn, September 17, 2019</subfield>
    <subfield code="b">(Julia Knowles, Luxembourg; freelance translator, January 1995-present; freelance pianist, Orchestre philharmonique du Luxembourg, February 1992-present; education: BA, French, Spanish, University of Durham, 1972-1976; skills include chamber music)</subfield>
  </datafield>
  <datafield tag="670" ind1=" " ind2=" ">
    <subfield code="a">Intermedii WWW site, September 17, 2019</subfield>
    <subfield code="b">(Julia Knowles, piano, positive organ; instrumental accompaniment of Charpentier&apos;s Messe de minuit pour Noël, January 21, 2001, Villa Louvigny, Luxembourg, by Attila Keresztesi [credited also in Turner recording], Karen Turner, violins, Katrin Reutlinger, cello, and Julia Knowles, harpsichord)</subfield>
  </datafield>
  <datafield tag="670" ind1=" " ind2=" ">
    <subfield code="a">Naxos Music Library, September 17, 2019</subfield>
    <subfield code="b">(Gabriel Pierné, Chamber music, vol. 1; booklet: soloists of the Orchestre philharmonique du Luxembourg; including Julia Knowles, piano, harmonium; recorded 2005-2006, Philharmonie, Luxembourg)</subfield>
  </datafield>
  <datafield tag="675" ind1=" " ind2=" ">
    <subfield code="a">Int. ww in classical mus., 22nd, 34th eds.</subfield>
  </datafield>
</record>