
<record>
  <leader>01424cz  a2200241n  4500</leader>
  <controlfield tag="001">11170721</controlfield>
  <controlfield tag="003">DLC</controlfield>
  <controlfield tag="005">20200105202419.0</controlfield>
  <controlfield tag="008">190917n| azannaabn          |n aaa     c</controlfield>
  <datafield tag="010" ind1=" " ind2=" ">
    <subfield code="a">no2019136883</subfield>
    <subfield code="z">n  98043949 </subfield>
  </datafield>
  <datafield tag="035" ind1=" " ind2=" ">
    <subfield code="a">(OCoLC)oca12441414</subfield>
  </datafield>
  <datafield tag="040" ind1=" " ind2=" ">
    <subfield code="a">PaPiCLS</subfield>
    <subfield code="b">eng</subfield>
    <subfield code="e">rda</subfield>
    <subfield code="c">PaPiCLS</subfield>
    <subfield code="d">DLC</subfield>
  </datafield>
  <datafield tag="100" ind1="1" ind2=" ">
    <subfield code="a">Knowles, Julia</subfield>
    <subfield code="c">(Television director)</subfield>
  </datafield>
  <datafield tag="370" ind1=" " ind2=" ">
    <subfield code="c">Great Britain</subfield>
    <subfield code="2">naf</subfield>
  </datafield>
  <datafield tag="374" ind1=" " ind2=" ">
    <subfield code="a">Television producers and directors</subfield>
    <subfield code="2">lcsh</subfield>
  </datafield>
  <datafield tag="375" ind1=" " ind2=" ">
    <subfield code="a">Females</subfield>
    <subfield code="2">lcdgt</subfield>
  </datafield>
  <datafield tag="667" ind1=" " ind2=" ">
    <subfield code="a">Formerly on undifferentiated name record: n  98043949</subfield>
  </datafield>
  <datafield tag="670" ind1=" " ind2=" ">
    <subfield code="a">Beyonce : live at Wembley [VR] c2004:</subfield>
    <subfield code="b">credits (director, Julia Knowles)</subfield>
  </datafield>
  <datafield tag="670" ind1=" " ind2=" ">
    <subfield code="a">Internet movie database, Nov. 23, 2005</subfield>
    <subfield code="b">(Julia Knowles; director, 1990s-)</subfield>
  </datafield>
  <datafield tag="670" ind1=" " ind2=" ">
    <subfield code="a">Internet Movie Database, September 17, 2019</subfield>
    <subfield code="b">(Julia Knowles; credited as director of television programs and videos, 1989-)</subfield>
  </datafield>
  <datafield tag="670" ind1=" " ind2=" ">
    <subfield code="a">BFI WWW site, September 17, 2019</subfield>
    <subfield code="b">(Julia Knowles; director)</subfield>
  </datafield>
  <datafield tag="670" ind1=" " ind2=" ">
    <subfield code="a">YouTube, September 17, 2019:</subfield>
    <subfield code="b">Julia Knowles&apos; memories of Wembley Park Studios, interview posted April 1, 2017 (&quot;television director Julia Knowles speaks about her career and her work at the studios in Wembley under Limehouse and Fountain Television&quot;; originally worked for BBC; specializes in music productions; no specific dates mentioned)</subfield>
  </datafield>
  <datafield tag="670" ind1=" " ind2=" ">
    <subfield code="a">Endole WWW site, September 17, 2019</subfield>
    <subfield code="b">(Julia Knowles; British director, television producer; director of Julia Knowles Limited, Smethwick)</subfield>
  </datafield>
</record>