
<record>
  <leader>00836cz  a2200205n  4500</leader>
  <controlfield tag="001">11247249</controlfield>
  <controlfield tag="003">DLC</controlfield>
  <controlfield tag="005">20200105230126.0</controlfield>
  <controlfield tag="008">191216n| azannaabn          |a aaa      </controlfield>
  <datafield tag="010" ind1=" " ind2=" ">
    <subfield code="a">n 2019245152</subfield>
  </datafield>
  <datafield tag="040" ind1=" " ind2=" ">
    <subfield code="a">DLC</subfield>
    <subfield code="b">eng</subfield>
    <subfield code="e">rda</subfield>
    <subfield code="c">DLC</subfield>
    <subfield code="d">DLC</subfield>
  </datafield>
  <datafield tag="100" ind1="0" ind2=" ">
    <subfield code="a">Śrīdhara</subfield>
  </datafield>
  <datafield tag="370" ind1=" " ind2=" ">
    <subfield code="e">Hyderabad (India)</subfield>
    <subfield code="2">naf</subfield>
  </datafield>
  <datafield tag="372" ind1=" " ind2=" ">
    <subfield code="a">Telugu literature</subfield>
    <subfield code="2">lcsh</subfield>
  </datafield>
  <datafield tag="374" ind1=" " ind2=" ">
    <subfield code="a">Authors</subfield>
    <subfield code="2">lcdgt</subfield>
  </datafield>
  <datafield tag="375" ind1=" " ind2=" ">
    <subfield code="a">Males</subfield>
    <subfield code="2">lcdgt</subfield>
  </datafield>
  <datafield tag="377" ind1=" " ind2=" ">
    <subfield code="a">tel</subfield>
  </datafield>
  <datafield tag="400" ind1="0" ind2=" ">
    <subfield code="a">Śrīdhara Veṅkaṭa Rādhākr̥ṣṇa Mūrti</subfield>
  </datafield>
  <datafield tag="400" ind1="1" ind2=" ">
    <subfield code="a">Rādhākr̥ṣṇa Mūrti, Śrīdhara Veṅkaṭa</subfield>
  </datafield>
  <datafield tag="670" ind1=" " ind2=" ">
    <subfield code="a">Cinukullō cirumaṇṭalu, Phibravari 2019:</subfield>
    <subfield code="b">title page (Śrīdhara) p. 4 of cover (real name: Śrīdhara Veṅkaṭa Rādhākr̥ṣṇa Mūrti; retd. secretary Law Department, Secreatariat, Hyderabad; pseudonyms: Śrīdhara; Mallika; Viṣṇupriya, Śrirīṣa)</subfield>
  </datafield>
</record>