
<record>
  <leader>00649cz  a2200181n  4500</leader>
  <controlfield tag="001">11253157</controlfield>
  <controlfield tag="003">DLC</controlfield>
  <controlfield tag="005">20200105123114.0</controlfield>
  <controlfield tag="008">191219n| azannaabn          |n aaa     c</controlfield>
  <datafield tag="010" ind1=" " ind2=" ">
    <subfield code="a">no2019189051</subfield>
  </datafield>
  <datafield tag="035" ind1=" " ind2=" ">
    <subfield code="a">(OCoLC)oca12649092</subfield>
  </datafield>
  <datafield tag="040" ind1=" " ind2=" ">
    <subfield code="a">NNFr</subfield>
    <subfield code="b">eng</subfield>
    <subfield code="e">rda</subfield>
    <subfield code="c">NNFr</subfield>
    <subfield code="d">NNFr</subfield>
  </datafield>
  <datafield tag="046" ind1=" " ind2=" ">
    <subfield code="f">1891-08-03</subfield>
    <subfield code="g">1938-09-18</subfield>
    <subfield code="2">edtf</subfield>
  </datafield>
  <datafield tag="100" ind1="1" ind2=" ">
    <subfield code="a">Filka, Alberts,</subfield>
    <subfield code="d">1891-1938</subfield>
  </datafield>
  <datafield tag="370" ind1=" " ind2=" ">
    <subfield code="a">Jūrmala (Latvia)</subfield>
    <subfield code="b">Rīga (Latvia)</subfield>
    <subfield code="c">Latvia</subfield>
    <subfield code="2">naf</subfield>
  </datafield>
  <datafield tag="372" ind1=" " ind2=" ">
    <subfield code="a">Painting</subfield>
    <subfield code="2">lcsh</subfield>
  </datafield>
  <datafield tag="374" ind1=" " ind2=" ">
    <subfield code="a">Painters</subfield>
    <subfield code="2">lcdgt</subfield>
  </datafield>
  <datafield tag="670" ind1=" " ind2=" ">
    <subfield code="a">Alberta Filkas piemiņas gleznu izstāde katalogs, 1938:</subfield>
    <subfield code="b">page 3 (painter Alberts Filka; born 3 August 1891, Majori [Jūrmala]; died 18 September 1938 in Rīga)</subfield>
  </datafield>
</record>