
<record>
  <leader>00923cz  a2200205n  4500</leader>
  <controlfield tag="001">11254938</controlfield>
  <controlfield tag="003">DLC</controlfield>
  <controlfield tag="005">20200105230853.0</controlfield>
  <controlfield tag="008">191226n| azannaabn          |a aaa      </controlfield>
  <datafield tag="010" ind1=" " ind2=" ">
    <subfield code="a">n 2019245325</subfield>
  </datafield>
  <datafield tag="040" ind1=" " ind2=" ">
    <subfield code="a">DLC</subfield>
    <subfield code="b">eng</subfield>
    <subfield code="e">rda</subfield>
    <subfield code="c">DLC</subfield>
    <subfield code="d">DLC</subfield>
  </datafield>
  <datafield tag="100" ind1="1" ind2=" ">
    <subfield code="a">Sidharth, Arjun</subfield>
  </datafield>
  <datafield tag="370" ind1=" " ind2=" ">
    <subfield code="e">Ahmadābād (India)</subfield>
    <subfield code="2">naf</subfield>
  </datafield>
  <datafield tag="372" ind1=" " ind2=" ">
    <subfield code="a">Social media</subfield>
    <subfield code="2">lcsh</subfield>
  </datafield>
  <datafield tag="374" ind1=" " ind2=" ">
    <subfield code="a">Mass media authors</subfield>
  </datafield>
  <datafield tag="375" ind1=" " ind2=" ">
    <subfield code="a">Males</subfield>
    <subfield code="2">lcdgt</subfield>
  </datafield>
  <datafield tag="377" ind1=" " ind2=" ">
    <subfield code="a">eng</subfield>
  </datafield>
  <datafield tag="400" ind1="0" ind2=" ">
    <subfield code="a">Arjun Siddharth</subfield>
  </datafield>
  <datafield tag="670" ind1=" " ind2=" ">
    <subfield code="a">India misinformed, 2019:</subfield>
    <subfield code="b">title page (Arjun Sidharth)</subfield>
  </datafield>
  <datafield tag="670" ind1=" " ind2=" ">
    <subfield code="a">Google search on Alt news (Website)</subfield>
    <subfield code="b">(Arjun Sidharth is a writer with Alt News; He has previously worked in the television news industry as a reporter with Times Now, where he managed news bulletins and breaking news scenarios, apart from scripting numerous prime time television stories; he has also been actively involved with various freelance projects)</subfield>
    <subfield code="u">https://www.altnews.in/editorial-team/</subfield>
  </datafield>
</record>