
<record>
  <leader>02825cz  a2200241n  4500</leader>
  <controlfield tag="001">11257052</controlfield>
  <controlfield tag="003">DLC</controlfield>
  <controlfield tag="005">20200105123114.0</controlfield>
  <controlfield tag="008">200101n| azannaabn          |b ana     c</controlfield>
  <datafield tag="010" ind1=" " ind2=" ">
    <subfield code="a">no2019191457</subfield>
  </datafield>
  <datafield tag="035" ind1=" " ind2=" ">
    <subfield code="a">(OCoLC)oca12664258</subfield>
  </datafield>
  <datafield tag="040" ind1=" " ind2=" ">
    <subfield code="a">ABAU</subfield>
    <subfield code="b">eng</subfield>
    <subfield code="e">rda</subfield>
    <subfield code="c">ABAU</subfield>
    <subfield code="d">ABAU</subfield>
  </datafield>
  <datafield tag="046" ind1=" " ind2=" ">
    <subfield code="s">1966</subfield>
    <subfield code="2">edtf</subfield>
  </datafield>
  <datafield tag="110" ind1="2" ind2=" ">
    <subfield code="a">Wenzao wai yu da xue</subfield>
  </datafield>
  <datafield tag="368" ind1=" " ind2=" ">
    <subfield code="a">Catholic universities and colleges--Taiwan</subfield>
    <subfield code="2">lcsh</subfield>
  </datafield>
  <datafield tag="370" ind1=" " ind2=" ">
    <subfield code="e">Kaohsiung City (Taiwan)</subfield>
    <subfield code="2">naf</subfield>
  </datafield>
  <datafield tag="372" ind1=" " ind2=" ">
    <subfield code="a">Chinese language--Study and teaching (Higher)</subfield>
    <subfield code="a">English language--Study and teaching (Higher)</subfield>
    <subfield code="a">Europe, Western--Languages--Study and teaching (Higher)</subfield>
    <subfield code="a">Southeast Asia--Languages--Study and teaching (Higher)</subfield>
    <subfield code="2">lcsh</subfield>
  </datafield>
  <datafield tag="410" ind1="2" ind2=" ">
    <subfield code="a">Wenzao Ursuline Junior College of Modern Languages (1966-1999)</subfield>
  </datafield>
  <datafield tag="410" ind1="2" ind2=" ">
    <subfield code="a">Wenzao Ursuline College of Languages (1999-2013)</subfield>
  </datafield>
  <datafield tag="410" ind1="2" ind2=" ">
    <subfield code="a">Wenzao Ursuline University of Languages (2013- )</subfield>
  </datafield>
  <datafield tag="410" ind1="2" ind2=" ">
    <subfield code="a">文藻外語大學</subfield>
  </datafield>
  <datafield tag="667" ind1=" " ind2=" ">
    <subfield code="a">Non-Latin script reference not evaluated.</subfield>
  </datafield>
  <datafield tag="670" ind1=" " ind2=" ">
    <subfield code="a">Its WWW home page (Chinese), Jan. 1, 2020</subfield>
    <subfield code="b">(文藻外語大學 = Wenzao wai yu da xue ... Wenzao Ursuline University of Languages) English home page ( ... Wenzao Ursuline University of Languages,  900, Min-Tzu 1st Road, Sanming District Kaohsiung, 807 Taiwan, R.O.C.) about Wenzao/Mission statement (Education in Wenzao Ursuline University of Languages is founded on the Christian concept of faith in the uniqueness of the individual. Curricula are designed to foster the growth of this uniqueness and the development of the whole person. With Chinese language and culture as the foundation,   the University seeks through foreign language education to provide an understanding of multi-culturalism  and an international perspective. Students are equipped with the academic and professional skills which will enable them  to achieve linguistic excellence, acquire wisdom, develop leadership and serve society) about Wenzao/brief history (Wenzao Ursuline University of Languages was founded by the sisters of the Roman Union of the Order of St. Ursula in 1966. It was named in honor of Wenzao Lo, the first Chinese Bishop. Wenzao is known for its commitment to excellence in foreign languages teaching and research. At the beginning of its establishment, admission was only open to female students. Wenzao first opened its doors to male students in 1980. In 1999, Wenzao Ursuline Junior College of Modern Languages was officially restructured to become Wenzao Ursuline College of Languages and renamed to Wenzao Ursuline University of Languages in 2013) colleges/College of English and International Studies/College of European and Asian Languages/departments (Department of French, Department of German. Department of Spanish, Department of Japanese ... Center for Southeast Asian Languages Teaching)</subfield>
    <subfield code="u">https://a001.wzu.edu.tw/</subfield>
    <subfield code="u">https://c041.wzu.edu.tw/</subfield>
  </datafield>
</record>