
<record>
  <leader>01019nz  a2200193n  4500</leader>
  <controlfield tag="001">11258592</controlfield>
  <controlfield tag="003">DLC</controlfield>
  <controlfield tag="005">20200105123002.0</controlfield>
  <controlfield tag="008">200104n| azannaabn          |n aaa     c</controlfield>
  <datafield tag="010" ind1=" " ind2=" ">
    <subfield code="a">no2020000688</subfield>
  </datafield>
  <datafield tag="035" ind1=" " ind2=" ">
    <subfield code="a">(OCoLC)oca12670109</subfield>
  </datafield>
  <datafield tag="040" ind1=" " ind2=" ">
    <subfield code="a">MdRoLAC</subfield>
    <subfield code="b">eng</subfield>
    <subfield code="e">rda</subfield>
    <subfield code="c">MdRoLAC</subfield>
  </datafield>
  <datafield tag="100" ind1="1" ind2=" ">
    <subfield code="a">Demeter, Ciprian</subfield>
  </datafield>
  <datafield tag="372" ind1=" " ind2=" ">
    <subfield code="a">Mathematics</subfield>
    <subfield code="a">Fourier analysis</subfield>
    <subfield code="2">lcsh</subfield>
  </datafield>
  <datafield tag="373" ind1=" " ind2=" ">
    <subfield code="a">Indiana University</subfield>
    <subfield code="2">naf</subfield>
  </datafield>
  <datafield tag="374" ind1=" " ind2=" ">
    <subfield code="a">College teachers</subfield>
    <subfield code="2">lcsh</subfield>
  </datafield>
  <datafield tag="375" ind1=" " ind2=" ">
    <subfield code="a">Males</subfield>
    <subfield code="2">lcdgt</subfield>
  </datafield>
  <datafield tag="670" ind1=" " ind2=" ">
    <subfield code="a">Fourier restriction, decoupling and applications, 2019:</subfield>
    <subfield code="b">eCIP title page (Ciprian Demeter)</subfield>
  </datafield>
  <datafield tag="670" ind1=" " ind2=" ">
    <subfield code="a">Webpage for the book, Fourier Restriction, Decoupling, and Applications, viewed 4 January 2020:</subfield>
    <subfield code="b">(Ciprian Demeter is Professor of Mathematics at Indiana University, Bloomington. He is one of the world&apos;s leading experts in Fourier restriction theory and its applications to number theory)</subfield>
    <subfield code="u">https://www.cambridge.org/us/academic/subjects/mathematics/real-and-complex-analysis/fourier-restriction-decoupling-and-applications?format=HB&amp;isbn=9781108499705</subfield>
  </datafield>
</record>