
<record>
  <leader>03174nz  a2200277n  4500</leader>
  <controlfield tag="001">11258593</controlfield>
  <controlfield tag="003">DLC</controlfield>
  <controlfield tag="005">20200105123002.0</controlfield>
  <controlfield tag="008">200103n| azannaabn          |a ana     c</controlfield>
  <datafield tag="010" ind1=" " ind2=" ">
    <subfield code="a">no2020000699</subfield>
  </datafield>
  <datafield tag="035" ind1=" " ind2=" ">
    <subfield code="a">(OCoLC)oca12670120</subfield>
  </datafield>
  <datafield tag="040" ind1=" " ind2=" ">
    <subfield code="a">NN</subfield>
    <subfield code="b">eng</subfield>
    <subfield code="e">rda</subfield>
    <subfield code="c">NN</subfield>
  </datafield>
  <datafield tag="046" ind1=" " ind2=" ">
    <subfield code="k">1996</subfield>
    <subfield code="2">edtf</subfield>
  </datafield>
  <datafield tag="130" ind1=" " ind2="0">
    <subfield code="a">Arktis Nordost (Television program)</subfield>
  </datafield>
  <datafield tag="370" ind1=" " ind2=" ">
    <subfield code="f">Franz Josef Land (Russia)</subfield>
    <subfield code="2">lcsh</subfield>
  </datafield>
  <datafield tag="370" ind1=" " ind2=" ">
    <subfield code="g">Austria</subfield>
    <subfield code="2">naf</subfield>
  </datafield>
  <datafield tag="380" ind1=" " ind2=" ">
    <subfield code="a">Television mini-series</subfield>
    <subfield code="a">Documentary television programs</subfield>
    <subfield code="2">lcgft</subfield>
  </datafield>
  <datafield tag="500" ind1="1" ind2=" ">
    <subfield code="w">r</subfield>
    <subfield code="i">Television director:</subfield>
    <subfield code="a">Voitl, Helmut,</subfield>
    <subfield code="d">1939-</subfield>
  </datafield>
  <datafield tag="500" ind1="1" ind2=" ">
    <subfield code="w">r</subfield>
    <subfield code="i">Screenwriter:</subfield>
    <subfield code="a">Voitl, Helmut,</subfield>
    <subfield code="d">1939-</subfield>
  </datafield>
  <datafield tag="500" ind1="1" ind2=" ">
    <subfield code="w">r</subfield>
    <subfield code="i">Screenwriter:</subfield>
    <subfield code="a">Guggenberger, Elisabeth,</subfield>
    <subfield code="d">1946-</subfield>
  </datafield>
  <datafield tag="510" ind1="2" ind2=" ">
    <subfield code="w">r</subfield>
    <subfield code="i">Production company:</subfield>
    <subfield code="a">Österreichischer Rundfunk</subfield>
  </datafield>
  <datafield tag="510" ind1="2" ind2=" ">
    <subfield code="w">r</subfield>
    <subfield code="i">Subject:</subfield>
    <subfield code="a">Admiral Tegetthoff (Ship)</subfield>
  </datafield>
  <datafield tag="511" ind1="2" ind2=" ">
    <subfield code="w">r</subfield>
    <subfield code="i">Subject:</subfield>
    <subfield code="a">Österreichisch-Ungarische Polarexpedition</subfield>
    <subfield code="d">(1872-1874)</subfield>
  </datafield>
  <datafield tag="670" ind1=" " ind2=" ">
    <subfield code="a">Achtsnit, Adolf. Polarschiff Admiral Tegetthoff, 1997:</subfield>
    <subfield code="b">back cover (&quot;120 Jahre nach der abenteuerlichen Payer-Weyprecht-Expedition folgte ein ORF-Team den Spuren jenes österreichischen Beitrages zur Arktisforschung, der zur Entdeckung von Franz Josefs-Land geführt hatte. Damals wie heute nahm das Polarschiff Admiral Tegetthoff eine zentrale Rolle ein. Für die TV-Dokumentation &apos;Arktis Nordost&apos; wurden zwei Modelle des Admiral Tegetthoff gebaut, deren Herstellung von einer Gruppe Wiener Modellbauer durchgeführt bzw. massgeblich unterstützt wurde&quot;)</subfield>
  </datafield>
  <datafield tag="670" ind1=" " ind2=" ">
    <subfield code="a">German Wikipedia, January 3, 2020</subfield>
    <subfield code="b">(&quot;Arktis Nordost,&quot; a three-part documentary film by Helmut Voitl, 1996; subject: the Tegetthoff expedition; consists of &quot;Odyssee im Polarmeer,&quot; &quot;Oase im Eis&quot; and &quot;Weisse Wildnis&quot;; in 2003 a continuation was produced under the title &quot;Die Eisfalle--Die arktische Odyssee der Tegetthoff&quot;; filming took place during five Arctic expeditions to Franz Joseph Land, from 1992 to 1996; an exact replica of the original expedition ship, the S/X Admiral Tegetthoff, was constructed in Vienna and transported to the site where the original became trapped in pack ice, the most northerly film set to date; produced by the firm Universum; released on 3 video cassettes on 17 June 1996; direction: Helmut Voitl; script: Voitl and Elisabeth Guggenberger; production: ORF-Universum Produktion; camera: Wolfgang Thaler)</subfield>
  </datafield>
  <datafield tag="670" ind1=" " ind2=" ">
    <subfield code="a">German Wikipedia, January 3, 2020</subfield>
    <subfield code="b">(&quot;Arktis Nordost,&quot; a three-part documentary film by Helmut Voitl, 1996; subject: the Tegetthoff expedition; consists of &quot;Odyssee im Polarmeer,&quot; &quot;Oase im Eis&quot; and &quot;Weisse Wildnis&quot;; in 2003 a continuation was produced under the title &quot;Die Eisfalle--Die arktische Odyssee der Tegetthoff&quot;; filming took place during five Arctic expeditions to Franz Joseph Land, from 1992 to 1996; an exact replica of the original expedition ship, the S/X Admiral Tegetthoff, was constructed in Vienna and transported to the site where the original became trapped in pack ice, the most northerly film set to date; produced by the firm Universum [subsidiary of ORF]; released on 3 video cassettes on 17 June 1996; direction: Helmut Voitl; script: Voitl and Elisabeth Guggenberger; production: ORF-Universum Produktion; camera: Wolfgang Thaler)</subfield>
  </datafield>
</record>