
<record>
  <leader>01004nz  a2200205n  4500</leader>
  <controlfield tag="001">11258598</controlfield>
  <controlfield tag="003">DLC</controlfield>
  <controlfield tag="005">20200105123003.0</controlfield>
  <controlfield tag="008">200104n| azannaabn          |a aaa     c</controlfield>
  <datafield tag="010" ind1=" " ind2=" ">
    <subfield code="a">no2020000794</subfield>
  </datafield>
  <datafield tag="035" ind1=" " ind2=" ">
    <subfield code="a">(OCoLC)oca12670215</subfield>
  </datafield>
  <datafield tag="040" ind1=" " ind2=" ">
    <subfield code="a">MdRoLAC</subfield>
    <subfield code="b">eng</subfield>
    <subfield code="e">rda</subfield>
    <subfield code="c">MdRoLAC</subfield>
  </datafield>
  <datafield tag="100" ind1="1" ind2=" ">
    <subfield code="a">Elliott, Craig</subfield>
    <subfield code="q">(Craig M.)</subfield>
  </datafield>
  <datafield tag="373" ind1=" " ind2=" ">
    <subfield code="a">Samuel Merritt University</subfield>
  </datafield>
  <datafield tag="374" ind1=" " ind2=" ">
    <subfield code="a">College teachers</subfield>
    <subfield code="2">lcsh</subfield>
  </datafield>
  <datafield tag="400" ind1="1" ind2=" ">
    <subfield code="a">Elliott, Craig M.,</subfield>
    <subfield code="c">II</subfield>
  </datafield>
  <datafield tag="667" ind1=" " ind2=" ">
    <subfield code="a">Not the same as LCCN: n  94033292 (Elliott, Craig)</subfield>
  </datafield>
  <datafield tag="670" ind1=" " ind2=" ">
    <subfield code="a">Identity-conscious supervision in student affairs, 2020:</subfield>
    <subfield code="b">eCIP title page (Craig Elliott)</subfield>
  </datafield>
  <datafield tag="670" ind1=" " ind2=" ">
    <subfield code="a">Blog post, viewed 4 January 2020:</subfield>
    <subfield code="b">(By Craig M Elliott II PhD)</subfield>
    <subfield code="u">https://acpacsje.wordpress.com/2012/12/11/an-open-letter-to-us-white-people-on-engaging-in-race-work-or-how-to-work-with-us-white-people-by-craig-m-elliott-ii-phd/</subfield>
  </datafield>
  <datafield tag="670" ind1=" " ind2=" ">
    <subfield code="a">Samuel Merritt University profile, viewed 4 January 2020:</subfield>
    <subfield code="b">(Craig Elliott Adjunct Assistant Professor)</subfield>
    <subfield code="u">https://www.samuelmerritt.edu/faculty/craig-elliott</subfield>
  </datafield>
</record>