
<record>
  <leader>00728nz  a2200181n  4500</leader>
  <controlfield tag="001">11258599</controlfield>
  <controlfield tag="003">DLC</controlfield>
  <controlfield tag="005">20200105123003.0</controlfield>
  <controlfield tag="008">200104n| azannaabn          |n aaa     c</controlfield>
  <datafield tag="010" ind1=" " ind2=" ">
    <subfield code="a">no2020000816</subfield>
  </datafield>
  <datafield tag="035" ind1=" " ind2=" ">
    <subfield code="a">(OCoLC)oca12670237</subfield>
  </datafield>
  <datafield tag="040" ind1=" " ind2=" ">
    <subfield code="a">MdRoLAC</subfield>
    <subfield code="b">eng</subfield>
    <subfield code="e">rda</subfield>
    <subfield code="c">MdRoLAC</subfield>
  </datafield>
  <datafield tag="046" ind1=" " ind2=" ">
    <subfield code="f">1968</subfield>
    <subfield code="2">edtf</subfield>
  </datafield>
  <datafield tag="100" ind1="1" ind2=" ">
    <subfield code="a">Carberry, Chris,</subfield>
    <subfield code="d">1968-</subfield>
  </datafield>
  <datafield tag="373" ind1=" " ind2=" ">
    <subfield code="a">Explore Mars, Inc.</subfield>
  </datafield>
  <datafield tag="375" ind1=" " ind2=" ">
    <subfield code="a">Males</subfield>
    <subfield code="2">lcdgt</subfield>
  </datafield>
  <datafield tag="670" ind1=" " ind2=" ">
    <subfield code="a">Alcohol in space, 2019:</subfield>
    <subfield code="b">eCIP title page (Chris Carberry ; foreword by Andy Weir) data view (birth year: 1968)</subfield>
  </datafield>
  <datafield tag="670" ind1=" " ind2=" ">
    <subfield code="a">Webpage for the book, Alcohol in Space, viewed 4 January 2020:</subfield>
    <subfield code="b">(Chris Carberry is the CEO of the non-profit organization Explore Mars, Inc. He...)</subfield>
    <subfield code="u">https://mcfarlandbooks.com/product/alcohol-in-space/</subfield>
  </datafield>
</record>