
<record>
  <leader>01003nz  a2200241n  4500</leader>
  <controlfield tag="001">11258600</controlfield>
  <controlfield tag="003">DLC</controlfield>
  <controlfield tag="005">20200105123004.0</controlfield>
  <controlfield tag="008">200104n| azannaabn          |a aaa     c</controlfield>
  <datafield tag="010" ind1=" " ind2=" ">
    <subfield code="a">no2020000828</subfield>
  </datafield>
  <datafield tag="035" ind1=" " ind2=" ">
    <subfield code="a">(OCoLC)oca12670249</subfield>
  </datafield>
  <datafield tag="040" ind1=" " ind2=" ">
    <subfield code="a">UkCU</subfield>
    <subfield code="b">eng</subfield>
    <subfield code="e">rda</subfield>
    <subfield code="c">UkCU</subfield>
  </datafield>
  <datafield tag="046" ind1=" " ind2=" ">
    <subfield code="f">1885-08-26</subfield>
    <subfield code="g">1979</subfield>
    <subfield code="2">edtf</subfield>
  </datafield>
  <datafield tag="100" ind1="1" ind2=" ">
    <subfield code="a">Soupiron, Paul,</subfield>
    <subfield code="d">1885-1979</subfield>
  </datafield>
  <datafield tag="370" ind1=" " ind2=" ">
    <subfield code="a">Paris (France)</subfield>
    <subfield code="f">Lyon (France)</subfield>
    <subfield code="2">naf</subfield>
  </datafield>
  <datafield tag="372" ind1=" " ind2=" ">
    <subfield code="a">France--History</subfield>
    <subfield code="2">lcsh</subfield>
  </datafield>
  <datafield tag="373" ind1=" " ind2=" ">
    <subfield code="a">Société historique, archéologique et littéraire de Lyon</subfield>
  </datafield>
  <datafield tag="375" ind1=" " ind2=" ">
    <subfield code="a">Males</subfield>
    <subfield code="2">lcdgt</subfield>
  </datafield>
  <datafield tag="377" ind1=" " ind2=" ">
    <subfield code="a">fre</subfield>
  </datafield>
  <datafield tag="400" ind1="1" ind2=" ">
    <subfield code="a">Soupiron, P.</subfield>
    <subfield code="q">(Paul),</subfield>
    <subfield code="d">1885-1979</subfield>
  </datafield>
  <datafield tag="670" ind1=" " ind2=" ">
    <subfield code="a">Soupiron, Paul. Pétain-Laval-Abetz, 1946:</subfield>
    <subfield code="b">title page (Paul Soupiron)</subfield>
  </datafield>
  <datafield tag="670" ind1=" " ind2=" ">
    <subfield code="a">Soupiron, Paul. Bazaine contre Gambetta, 1946:</subfield>
    <subfield code="b">title page (P. Soupiron)</subfield>
  </datafield>
  <datafield tag="670" ind1=" " ind2=" ">
    <subfield code="a">BnF database, January 4, 2019</subfield>
    <subfield code="b">(heading: Soupiron, Paul (1885-1979); born August 26, 1885 in Paris; died 1979; writer; editor of L&apos;Express de Lyon; member of Société historique, archéologique et littéraire de Lyon)</subfield>
  </datafield>
</record>