
<record>
  <leader>02100nz  a2200217n  4500</leader>
  <controlfield tag="001">11258603</controlfield>
  <controlfield tag="003">DLC</controlfield>
  <controlfield tag="005">20200105123004.0</controlfield>
  <controlfield tag="008">200104n| azannaabn          |n aaa     c</controlfield>
  <datafield tag="010" ind1=" " ind2=" ">
    <subfield code="a">no2020000836</subfield>
  </datafield>
  <datafield tag="035" ind1=" " ind2=" ">
    <subfield code="a">(OCoLC)oca12670257</subfield>
  </datafield>
  <datafield tag="040" ind1=" " ind2=" ">
    <subfield code="a">MnMHCL</subfield>
    <subfield code="b">eng</subfield>
    <subfield code="e">rda</subfield>
    <subfield code="c">MnMHCL</subfield>
  </datafield>
  <datafield tag="100" ind1="1" ind2=" ">
    <subfield code="a">Washington, Samantha</subfield>
    <subfield code="c">(Fictitious character)</subfield>
  </datafield>
  <datafield tag="368" ind1=" " ind2=" ">
    <subfield code="c">Fictitious characters</subfield>
    <subfield code="2">lcsh</subfield>
  </datafield>
  <datafield tag="370" ind1=" " ind2=" ">
    <subfield code="e">Michigan</subfield>
    <subfield code="e">Michigan, Lake, Coast (Mich.)</subfield>
    <subfield code="2">naf</subfield>
  </datafield>
  <datafield tag="372" ind1=" " ind2=" ">
    <subfield code="a">Murder--Investigation</subfield>
    <subfield code="a">Detective and mystery stories</subfield>
    <subfield code="2">lcsh</subfield>
  </datafield>
  <datafield tag="374" ind1=" " ind2=" ">
    <subfield code="a">Booksellers and bookselling</subfield>
    <subfield code="a">Novelists</subfield>
    <subfield code="2">lcsh</subfield>
  </datafield>
  <datafield tag="375" ind1=" " ind2=" ">
    <subfield code="a">Females</subfield>
    <subfield code="2">lcdgt</subfield>
  </datafield>
  <datafield tag="670" ind1=" " ind2=" ">
    <subfield code="a">Burns, V. M. Bookmarked for murder, 2019:</subfield>
    <subfield code="b">page 4 of cover (Amateur sleuth Samantha Washington&apos;s shopping trip to Chicago takes a deadly detour when a man is murdered on her bus ...)</subfield>
  </datafield>
  <datafield tag="670" ind1=" " ind2=" ">
    <subfield code="a">VM Burns, mystery writer (Website), viewed January 2, 2020:</subfield>
    <subfield code="b">Mystery Bookshop Mysteries (The Plot is Murder ... After Samantha Washington&quot;s husband dies, she decides to quit her job as an English teacher and follow through with their dream of opening a Mystery Bookstore. However, when the realtor who listed the building for sale, and tried to stop Samantha from purchasing, is found dead in the back courtyard, the police think Samantha is a good suspect. With the help of her grandmother and her friends from the retirement home, Samantha sets out to find the murderer. Opening a mystery bookstore is only one half of Samantha&apos;s dream. The other half of the dream includes writing a historic British cozy. This unique mystery series will include two mysteries--the one in the book, and the one being played out in real life ...)</subfield>
    <subfield code="u">https://www.vmburns.com/?page_id=55</subfield>
  </datafield>
  <datafield tag="670" ind1=" " ind2=" ">
    <subfield code="a">Cozy Mystery List (Website), viewed January 2, 2020:</subfield>
    <subfield code="b">V.M. Burns (... Mystery Bookshop Mystery Series: Main Character: Samantha Washington, book store owner and Cozy mystery author, North Harbor on the shores of Lake Michigan. 1. The Plot is Murder &apos;17, 2. Read Herring Hunt &apos;18, 3. The Novel Art of Murder &apos;18, 4. Wed, Read &amp; Dead &apos;18, 5. Bookmarked for Murder &apos;19 ... )</subfield>
    <subfield code="u">https://www.cozy-mystery.com/v-m-burns.html</subfield>
  </datafield>
</record>