
<record>
  <leader>00811nz  a2200193n  4500</leader>
  <controlfield tag="001">11258604</controlfield>
  <controlfield tag="003">DLC</controlfield>
  <controlfield tag="005">20200105123004.0</controlfield>
  <controlfield tag="008">200104n| azannaabn          |n aaa     c</controlfield>
  <datafield tag="010" ind1=" " ind2=" ">
    <subfield code="a">no2020000847</subfield>
  </datafield>
  <datafield tag="035" ind1=" " ind2=" ">
    <subfield code="a">(OCoLC)oca12670268</subfield>
  </datafield>
  <datafield tag="040" ind1=" " ind2=" ">
    <subfield code="a">MdRoLAC</subfield>
    <subfield code="b">eng</subfield>
    <subfield code="e">rda</subfield>
    <subfield code="c">MdRoLAC</subfield>
  </datafield>
  <datafield tag="046" ind1=" " ind2=" ">
    <subfield code="f">1972</subfield>
    <subfield code="2">edtf</subfield>
  </datafield>
  <datafield tag="100" ind1="1" ind2=" ">
    <subfield code="a">Egge, Eric S.,</subfield>
    <subfield code="d">1972-</subfield>
  </datafield>
  <datafield tag="372" ind1=" " ind2=" ">
    <subfield code="a">Mathematics</subfield>
    <subfield code="a">Statistics</subfield>
    <subfield code="2">lcsh</subfield>
  </datafield>
  <datafield tag="373" ind1=" " ind2=" ">
    <subfield code="a">Carleton College (Northfield, Minn.)</subfield>
    <subfield code="2">naf</subfield>
  </datafield>
  <datafield tag="374" ind1=" " ind2=" ">
    <subfield code="a">College teachers</subfield>
    <subfield code="2">lcsh</subfield>
  </datafield>
  <datafield tag="670" ind1=" " ind2=" ">
    <subfield code="a">An introduction to symmetric functions and their combinatorics, 2019:</subfield>
    <subfield code="b">eCIP title page (Eric S. Egge) data view (birth year: 1972)</subfield>
  </datafield>
  <datafield tag="670" ind1=" " ind2=" ">
    <subfield code="a">Carleton University profile, viewed 4 January 2019:</subfield>
    <subfield code="b">(Professor of Mathematics, Chair of Mathematics and Statistics, Mathematics and Statistics)</subfield>
    <subfield code="u">https://apps.carleton.edu/profiles/eegge/</subfield>
  </datafield>
</record>