
<record>
  <leader>00756nz  a2200205n  4500</leader>
  <controlfield tag="001">11258605</controlfield>
  <controlfield tag="003">DLC</controlfield>
  <controlfield tag="005">20200105123004.0</controlfield>
  <controlfield tag="008">200103n| azannaabn          |a aaa     c</controlfield>
  <datafield tag="010" ind1=" " ind2=" ">
    <subfield code="a">no2020000854</subfield>
  </datafield>
  <datafield tag="035" ind1=" " ind2=" ">
    <subfield code="a">(OCoLC)oca12670275</subfield>
  </datafield>
  <datafield tag="040" ind1=" " ind2=" ">
    <subfield code="a">NNFr</subfield>
    <subfield code="b">eng</subfield>
    <subfield code="e">rda</subfield>
    <subfield code="c">NNFr</subfield>
  </datafield>
  <datafield tag="046" ind1=" " ind2=" ">
    <subfield code="s">20XX</subfield>
    <subfield code="2">edtf</subfield>
  </datafield>
  <datafield tag="100" ind1="1" ind2=" ">
    <subfield code="a">Mønsted Pedersen, Klaus</subfield>
  </datafield>
  <datafield tag="370" ind1=" " ind2=" ">
    <subfield code="c">Denmark</subfield>
    <subfield code="f">Viborg (Denmark)</subfield>
    <subfield code="2">naf</subfield>
  </datafield>
  <datafield tag="372" ind1=" " ind2=" ">
    <subfield code="a">Political science</subfield>
    <subfield code="a">Banks and banking</subfield>
    <subfield code="2">lcsh</subfield>
  </datafield>
  <datafield tag="373" ind1=" " ind2=" ">
    <subfield code="a">Aarhus universitet</subfield>
    <subfield code="a">Danske bank (1990- )</subfield>
    <subfield code="2">naf</subfield>
  </datafield>
  <datafield tag="377" ind1=" " ind2=" ">
    <subfield code="a">dan</subfield>
  </datafield>
  <datafield tag="400" ind1="1" ind2=" ">
    <subfield code="a">Pedersen, Klaus Mønsted</subfield>
  </datafield>
  <datafield tag="670" ind1=" " ind2=" ">
    <subfield code="a">Mønsted Pedersen, Klaus. Theodor Philipsens Saltholm, ©2018:</subfield>
    <subfield code="b">front flap of jacket (Klaus Mønsted Pedersen; from Viborg; degree in political science, Århus Universitet; career at Danske Bank)</subfield>
  </datafield>
</record>