
<record>
  <leader>01016nz  a2200181n  4500</leader>
  <controlfield tag="001">11258606</controlfield>
  <controlfield tag="003">DLC</controlfield>
  <controlfield tag="005">20200105123004.0</controlfield>
  <controlfield tag="008">200104n| azannaabn          |a aaa     c</controlfield>
  <datafield tag="010" ind1=" " ind2=" ">
    <subfield code="a">no2020000874</subfield>
  </datafield>
  <datafield tag="035" ind1=" " ind2=" ">
    <subfield code="a">(OCoLC)oca12670295</subfield>
  </datafield>
  <datafield tag="040" ind1=" " ind2=" ">
    <subfield code="a">MdRoLAC</subfield>
    <subfield code="b">eng</subfield>
    <subfield code="e">rda</subfield>
    <subfield code="c">MdRoLAC</subfield>
  </datafield>
  <datafield tag="046" ind1=" " ind2=" ">
    <subfield code="k">2019</subfield>
    <subfield code="2">edtf</subfield>
  </datafield>
  <datafield tag="100" ind1="1" ind2=" ">
    <subfield code="a">Kajkowska-Bykowska, Sylwia.</subfield>
    <subfield code="t">Rehabilitacja i weryfikacja narodowościowa ludności polskiej w województwie gdańskim po II wojnie światowej.</subfield>
    <subfield code="l">English</subfield>
  </datafield>
  <datafield tag="373" ind1=" " ind2=" ">
    <subfield code="a">Verlag Peter Lang</subfield>
    <subfield code="2">naf</subfield>
  </datafield>
  <datafield tag="377" ind1=" " ind2=" ">
    <subfield code="a">eng</subfield>
    <subfield code="a">pol</subfield>
  </datafield>
  <datafield tag="400" ind1="1" ind2=" ">
    <subfield code="a">Kajkowska-Bykowska, Sylwia.</subfield>
    <subfield code="t">Rehabilitation and ethnic vetting of the Polish population in the Voivodship of Gdańsk after World War II</subfield>
  </datafield>
  <datafield tag="670" ind1=" " ind2=" ">
    <subfield code="a">The rehabilitation and ethnic vetting of the Polish population in the Voivodship of Gdańsk after World War II, 2019:</subfield>
    <subfield code="b">eCIP title page (Sylwia Bykowska ; translated by George Szenderowicz) note (Translation of: Rehabilitacja i weryfikacja narodowościowa ludności polskiej w województwie gdańskim po II wojnie światowej)</subfield>
  </datafield>
</record>