
<record>
  <leader>00721nz  a2200217n  4500</leader>
  <controlfield tag="001">11258611</controlfield>
  <controlfield tag="003">DLC</controlfield>
  <controlfield tag="005">20200105123005.0</controlfield>
  <controlfield tag="008">200104n| azaaaaaan          |a ana     c</controlfield>
  <datafield tag="010" ind1=" " ind2=" ">
    <subfield code="a">no2020000907</subfield>
  </datafield>
  <datafield tag="035" ind1=" " ind2=" ">
    <subfield code="a">(OCoLC)oca12670328</subfield>
  </datafield>
  <datafield tag="040" ind1=" " ind2=" ">
    <subfield code="a">UkCU</subfield>
    <subfield code="b">eng</subfield>
    <subfield code="e">rda</subfield>
    <subfield code="c">UkCU</subfield>
  </datafield>
  <datafield tag="130" ind1=" " ind2="0">
    <subfield code="a">Voix libres (Paris, France)</subfield>
  </datafield>
  <datafield tag="380" ind1=" " ind2=" ">
    <subfield code="a">Series (Publications)</subfield>
    <subfield code="2">lcsh</subfield>
  </datafield>
  <datafield tag="430" ind1=" " ind2="0">
    <subfield code="a">Collection Les voix libres</subfield>
  </datafield>
  <datafield tag="642" ind1=" " ind2=" ">
    <subfield code="a">2</subfield>
    <subfield code="5">DPCC</subfield>
    <subfield code="5">UkCU</subfield>
  </datafield>
  <datafield tag="643" ind1=" " ind2=" ">
    <subfield code="a">Paris</subfield>
    <subfield code="a">Alger</subfield>
    <subfield code="b">Éditions de la revue Fontaine</subfield>
  </datafield>
  <datafield tag="644" ind1=" " ind2=" ">
    <subfield code="a">f</subfield>
    <subfield code="5">UkCU</subfield>
  </datafield>
  <datafield tag="645" ind1=" " ind2=" ">
    <subfield code="a">t</subfield>
    <subfield code="5">DPCC</subfield>
    <subfield code="5">UkCU</subfield>
  </datafield>
  <datafield tag="646" ind1=" " ind2=" ">
    <subfield code="a">s</subfield>
    <subfield code="5">UkCU</subfield>
  </datafield>
  <datafield tag="670" ind1=" " ind2=" ">
    <subfield code="a">Bernanos, Georges. Réflexions sur le cas da conscience français, 1945:</subfield>
    <subfield code="b">series title page (Les voix libres) verso title page (Collection Les voix libres)</subfield>
  </datafield>
</record>