
<record>
  <leader>01398nz  a2200193n  4500</leader>
  <controlfield tag="001">11258613</controlfield>
  <controlfield tag="003">DLC</controlfield>
  <controlfield tag="005">20200105123005.0</controlfield>
  <controlfield tag="008">200104n| azannaabn          |a ana     c</controlfield>
  <datafield tag="010" ind1=" " ind2=" ">
    <subfield code="a">no2020000909</subfield>
  </datafield>
  <datafield tag="035" ind1=" " ind2=" ">
    <subfield code="a">(OCoLC)oca12670330</subfield>
  </datafield>
  <datafield tag="040" ind1=" " ind2=" ">
    <subfield code="a">ABAU</subfield>
    <subfield code="b">eng</subfield>
    <subfield code="e">rda</subfield>
    <subfield code="c">ABAU</subfield>
  </datafield>
  <datafield tag="110" ind1="2" ind2=" ">
    <subfield code="a">National Research Council (U.S.).</subfield>
    <subfield code="b">Transportation Research Board.</subfield>
    <subfield code="b">Committee on Soil and Rock Properties</subfield>
  </datafield>
  <datafield tag="368" ind1=" " ind2=" ">
    <subfield code="a">Committees</subfield>
    <subfield code="2">lcsh</subfield>
  </datafield>
  <datafield tag="370" ind1=" " ind2=" ">
    <subfield code="e">Washington (D.C.)</subfield>
    <subfield code="2">naf</subfield>
  </datafield>
  <datafield tag="372" ind1=" " ind2=" ">
    <subfield code="a">Soils--Composition--Research</subfield>
    <subfield code="a">Rocks--Analysis--Research</subfield>
    <subfield code="2">lcsh</subfield>
  </datafield>
  <datafield tag="410" ind1="2" ind2=" ">
    <subfield code="a">National Research Council (U.S.).</subfield>
    <subfield code="b">Transportation Research Board.</subfield>
    <subfield code="b">Soil and Rock Properties and Geology Section.</subfield>
    <subfield code="b">Committee on Soil and Rock Properties</subfield>
  </datafield>
  <datafield tag="510" ind1="2" ind2=" ">
    <subfield code="w">r</subfield>
    <subfield code="i">Hierarchical superior:</subfield>
    <subfield code="a">National Research Council (U.S.).</subfield>
    <subfield code="b">Transportation Research Board.</subfield>
    <subfield code="b">Soil and Rock Properties and Geology Section</subfield>
  </datafield>
  <datafield tag="670" ind1=" " ind2=" ">
    <subfield code="a">National Research Council (U.S.). Transportation Research Board. Estimation of consolidation settlement, 1976:</subfield>
    <subfield code="b">title page verso ( ... National Research Council. Transportation Research Board. Estimation of consolidation settlement) page1 (The Committee on Properties of Soil and Rock, which is sponsoring the publication of this report ... ) page 26 (Sponsorship of this Special report: Group 2--Design and Construction of Transportation Facilities ... Soil and Rock Properties and Geology Section ... Committee on Soil and Rock Properties)</subfield>
  </datafield>
</record>