
<record>
  <leader>01588nz  a2200193n  4500</leader>
  <controlfield tag="001">11258614</controlfield>
  <controlfield tag="003">DLC</controlfield>
  <controlfield tag="005">20200105123005.0</controlfield>
  <controlfield tag="008">200104n| azannaabn          |a ana     c</controlfield>
  <datafield tag="010" ind1=" " ind2=" ">
    <subfield code="a">no2020000910</subfield>
  </datafield>
  <datafield tag="035" ind1=" " ind2=" ">
    <subfield code="a">(OCoLC)oca12670331</subfield>
  </datafield>
  <datafield tag="040" ind1=" " ind2=" ">
    <subfield code="a">ABAU</subfield>
    <subfield code="b">eng</subfield>
    <subfield code="e">rda</subfield>
    <subfield code="c">ABAU</subfield>
  </datafield>
  <datafield tag="110" ind1="2" ind2=" ">
    <subfield code="a">National Research Council (U.S.).</subfield>
    <subfield code="b">Highway Research Board.</subfield>
    <subfield code="b">Committee on Traffic Control Devices</subfield>
  </datafield>
  <datafield tag="368" ind1=" " ind2=" ">
    <subfield code="a">Committees</subfield>
    <subfield code="2">lcsh</subfield>
  </datafield>
  <datafield tag="370" ind1=" " ind2=" ">
    <subfield code="e">Washington (D.C.)</subfield>
    <subfield code="2">naf</subfield>
  </datafield>
  <datafield tag="372" ind1=" " ind2=" ">
    <subfield code="a">Traffic signs and signals--Research</subfield>
    <subfield code="a">Electronic traffic controls--Research</subfield>
    <subfield code="a">Variable message signs--Research</subfield>
    <subfield code="2">lcsh</subfield>
  </datafield>
  <datafield tag="410" ind1="2" ind2=" ">
    <subfield code="a">National Research Council (U.S.).</subfield>
    <subfield code="b">Highway Research Board.</subfield>
    <subfield code="b">Group 3--Operation and Maintenance of Transportation Facilities.</subfield>
    <subfield code="b">Committee on Traffic Control Devices</subfield>
  </datafield>
  <datafield tag="510" ind1="2" ind2=" ">
    <subfield code="w">r</subfield>
    <subfield code="i">Hierarchical superior:</subfield>
    <subfield code="a">National Research Council (U.S.).</subfield>
    <subfield code="b">Highway Research Board.</subfield>
    <subfield code="b">Group 3--Operation and Maintenance of Transportation Facilities</subfield>
  </datafield>
  <datafield tag="670" ind1=" " ind2=" ">
    <subfield code="a">The changeable-message concept of traffic control : report of a conference held July 15-16, 1971, 1972:</subfield>
    <subfield code="b">foreword ( .... Recognizing ... the need for an open discussion of the relative merits of the several current designs for changeable-message signs, the Highway Research Board Committee on Traffic Control Devices sponsored a conference in July 1971 that brought together those involved in the research, development, manufacture, marketing, and operation of the various types of changeable-message signs) page 48 (Sponsorship of this Special report: Group 3--Operation and Maintenance of Transportation Facilities ... Committee on Traffic Control Devices ... )</subfield>
  </datafield>
</record>