
<record>
  <leader>01115nz  a2200205n  4500</leader>
  <controlfield tag="001">11258616</controlfield>
  <controlfield tag="003">DLC</controlfield>
  <controlfield tag="005">20200105123006.0</controlfield>
  <controlfield tag="008">200104n| azannaabn          |n aaa     c</controlfield>
  <datafield tag="010" ind1=" " ind2=" ">
    <subfield code="a">no2020000925</subfield>
  </datafield>
  <datafield tag="035" ind1=" " ind2=" ">
    <subfield code="a">(OCoLC)oca12670346</subfield>
  </datafield>
  <datafield tag="040" ind1=" " ind2=" ">
    <subfield code="a">MdRoLAC</subfield>
    <subfield code="b">eng</subfield>
    <subfield code="e">rda</subfield>
    <subfield code="c">MdRoLAC</subfield>
  </datafield>
  <datafield tag="100" ind1="1" ind2=" ">
    <subfield code="a">Mojumder, Mohammad Jahangir Hossain</subfield>
  </datafield>
  <datafield tag="370" ind1=" " ind2=" ">
    <subfield code="f">Noākhāli (Bangladesh)</subfield>
    <subfield code="2">naf</subfield>
  </datafield>
  <datafield tag="372" ind1=" " ind2=" ">
    <subfield code="a">Political science</subfield>
    <subfield code="a">Non-governmental organizations</subfield>
    <subfield code="2">lcsh</subfield>
  </datafield>
  <datafield tag="373" ind1=" " ind2=" ">
    <subfield code="a">Chowmuhani Government SA College</subfield>
  </datafield>
  <datafield tag="374" ind1=" " ind2=" ">
    <subfield code="a">College teachers</subfield>
    <subfield code="2">lcsh</subfield>
  </datafield>
  <datafield tag="375" ind1=" " ind2=" ">
    <subfield code="a">Males</subfield>
    <subfield code="2">lcdgt</subfield>
  </datafield>
  <datafield tag="670" ind1=" " ind2=" ">
    <subfield code="a">Government and NGOs in South Asia, 2020:</subfield>
    <subfield code="b">eCIP title page (Mohammad Jahangir Hossain Mojumder)</subfield>
  </datafield>
  <datafield tag="670" ind1=" " ind2=" ">
    <subfield code="a">Webpage for the book, Government and NGOs in South Asia, viewed 4 January 2020:</subfield>
    <subfield code="b">(Mohammad Jahangir Hossain Mojumder, PhD,is an Assistant Professor in the Department of Political Science at Chowmuhani Government SA College, Noakhali, Bangladesh. His main areas of academic interest include (local) governance, NGOs)</subfield>
    <subfield code="u">https://www.routledge.com/Government-and-NGOs-in-South-Asia-Local-Collaboration-in-Bangladesh/Mojumder-Panday/p/book/9780367423513</subfield>
  </datafield>
</record>