
<record>
  <leader>01404nz  a2200253n  4500</leader>
  <controlfield tag="001">11258622</controlfield>
  <controlfield tag="003">DLC</controlfield>
  <controlfield tag="005">20200105123006.0</controlfield>
  <controlfield tag="008">200104n| azannaabn          |b aaa     c</controlfield>
  <datafield tag="010" ind1=" " ind2=" ">
    <subfield code="a">no2020000962</subfield>
  </datafield>
  <datafield tag="035" ind1=" " ind2=" ">
    <subfield code="a">(OCoLC)oca12670383</subfield>
  </datafield>
  <datafield tag="040" ind1=" " ind2=" ">
    <subfield code="a">InU</subfield>
    <subfield code="b">eng</subfield>
    <subfield code="e">rda</subfield>
    <subfield code="c">InU</subfield>
  </datafield>
  <datafield tag="046" ind1=" " ind2=" ">
    <subfield code="f">1862-01-22</subfield>
    <subfield code="g">[1918, 1919]</subfield>
    <subfield code="2">edtf</subfield>
  </datafield>
  <datafield tag="100" ind1="1" ind2=" ">
    <subfield code="a">Vertepov, G. A.</subfield>
    <subfield code="q">(Grigoriĭ Abramovich),</subfield>
    <subfield code="d">1862-1918 or 1919</subfield>
  </datafield>
  <datafield tag="370" ind1=" " ind2=" ">
    <subfield code="b">Novorossiĭsk (Russia)</subfield>
    <subfield code="2">naf</subfield>
  </datafield>
  <datafield tag="374" ind1=" " ind2=" ">
    <subfield code="a">Historians</subfield>
    <subfield code="a">Ethnologists</subfield>
    <subfield code="a">Journalists</subfield>
    <subfield code="a">Editors</subfield>
    <subfield code="2">lcsh</subfield>
  </datafield>
  <datafield tag="375" ind1=" " ind2=" ">
    <subfield code="a">Males</subfield>
    <subfield code="2">lcdgt</subfield>
  </datafield>
  <datafield tag="377" ind1=" " ind2=" ">
    <subfield code="a">rus</subfield>
  </datafield>
  <datafield tag="400" ind1="1" ind2=" ">
    <subfield code="a">Вертепов, Г. А.</subfield>
    <subfield code="q">(Григорий Абрамович),</subfield>
    <subfield code="d">1862-1918 or 1919</subfield>
  </datafield>
  <datafield tag="400" ind1="1" ind2=" ">
    <subfield code="a">Vertepov, Grigoriĭ Abramovich,</subfield>
    <subfield code="d">1862-1918 or 1919</subfield>
  </datafield>
  <datafield tag="667" ind1=" " ind2=" ">
    <subfield code="a">Non-Latin script reference not evaluated.</subfield>
  </datafield>
  <datafield tag="670" ind1=" " ind2=" ">
    <subfield code="a">Vertepov, G. A. V gorakh Kavkaza, 2019:</subfield>
    <subfield code="b">title page (G.A. Vertepov) title page verso (Vertepov Grigoriĭ Abramovich; historian, ethnographer)</subfield>
  </datafield>
  <datafield tag="670" ind1=" " ind2=" ">
    <subfield code="a">Vikipedii︠a︡ (Russian), January 4, 2020</subfield>
    <subfield code="b">disambiguation page for Vertepov (Vertepov, Grigoriĭ Abramovich (1862-1918); Russian political and social figure, journalist, local historian, editor-in-chief of &quot;Terskie vedomosteĭ&quot;)</subfield>
  </datafield>
  <datafield tag="670" ind1=" " ind2=" ">
    <subfield code="a">Mnemosina website, January 4, 2020</subfield>
    <subfield code="b">(Grigoriĭ Abramovich Vertepov; born January 22, 1862; died of typhus in early 1919 in Novorossiĭsk)</subfield>
    <subfield code="u">https://sites.google.com/site/mnemocina/home/istoria-moih-predkov/rod-vertepovyh</subfield>
  </datafield>
</record>