
<record>
  <leader>01077nz  a2200193n  4500</leader>
  <controlfield tag="001">11258623</controlfield>
  <controlfield tag="003">DLC</controlfield>
  <controlfield tag="005">20200105123006.0</controlfield>
  <controlfield tag="008">200104n| azannaabn          |n aaa     c</controlfield>
  <datafield tag="010" ind1=" " ind2=" ">
    <subfield code="a">no2020000973</subfield>
  </datafield>
  <datafield tag="035" ind1=" " ind2=" ">
    <subfield code="a">(OCoLC)oca12670394</subfield>
  </datafield>
  <datafield tag="040" ind1=" " ind2=" ">
    <subfield code="a">MdRoLAC</subfield>
    <subfield code="b">eng</subfield>
    <subfield code="e">rda</subfield>
    <subfield code="c">MdRoLAC</subfield>
  </datafield>
  <datafield tag="100" ind1="1" ind2=" ">
    <subfield code="a">Little, Kenneth</subfield>
    <subfield code="q">(William Kenneth)</subfield>
  </datafield>
  <datafield tag="372" ind1=" " ind2=" ">
    <subfield code="a">Anthropology</subfield>
    <subfield code="2">lcsh</subfield>
  </datafield>
  <datafield tag="373" ind1=" " ind2=" ">
    <subfield code="a">York University (Toronto, Ont.)</subfield>
    <subfield code="2">naf</subfield>
  </datafield>
  <datafield tag="374" ind1=" " ind2=" ">
    <subfield code="a">College teachers</subfield>
    <subfield code="2">lcsh</subfield>
  </datafield>
  <datafield tag="667" ind1=" " ind2=" ">
    <subfield code="a">Not the same as LCCN: nb 90013506  (Little, Kenneth)</subfield>
  </datafield>
  <datafield tag="670" ind1=" " ind2=" ">
    <subfield code="a">On the nervous edge of an impossible paradise, 2020:</subfield>
    <subfield code="b">eCIP title page (Kenneth Little) data vidw (Kenneth Little is Associate Professor of Anthropology at York University in Toronto. His research focuses on the analysis of society as spectacle, the critical turn in anthropology to the study of affect, social creativity, experiments in ethnographic writing and performativity)</subfield>
  </datafield>
  <datafield tag="670" ind1=" " ind2=" ">
    <subfield code="a">York University profile, viewed 4 January 2020:</subfield>
    <subfield code="b">(William Kenneth Little Department of Anthropology  Associate Professor)</subfield>
    <subfield code="u">https://profiles.laps.yorku.ca/profiles/wkl/</subfield>
  </datafield>
</record>