
<record>
  <leader>01135nz  a2200205n  4500</leader>
  <controlfield tag="001">11258627</controlfield>
  <controlfield tag="003">DLC</controlfield>
  <controlfield tag="005">20200105123007.0</controlfield>
  <controlfield tag="008">200104n| azannaabn          |a aaa     c</controlfield>
  <datafield tag="010" ind1=" " ind2=" ">
    <subfield code="a">no2020001012</subfield>
  </datafield>
  <datafield tag="035" ind1=" " ind2=" ">
    <subfield code="a">(OCoLC)oca12670433</subfield>
  </datafield>
  <datafield tag="040" ind1=" " ind2=" ">
    <subfield code="a">WiSwKOS</subfield>
    <subfield code="b">eng</subfield>
    <subfield code="e">rda</subfield>
    <subfield code="c">WiSwKOS</subfield>
  </datafield>
  <datafield tag="100" ind1="1" ind2=" ">
    <subfield code="a">Gardane, Antonio,</subfield>
    <subfield code="d">1509-1569.</subfield>
    <subfield code="t">O Seigneur Dieu, ta loy parfaicte et faicte</subfield>
  </datafield>
  <datafield tag="380" ind1=" " ind2=" ">
    <subfield code="a">Polyphonic chansons</subfield>
    <subfield code="2">lcgft</subfield>
  </datafield>
  <datafield tag="382" ind1="0" ind2=" ">
    <subfield code="a">singer</subfield>
    <subfield code="n">4</subfield>
    <subfield code="s">4</subfield>
    <subfield code="2">lcmpt</subfield>
  </datafield>
  <datafield tag="400" ind1="1" ind2=" ">
    <subfield code="a">Gardane, Antonio,</subfield>
    <subfield code="d">1509-1569.</subfield>
    <subfield code="t">O seigneur Dieu ta loy parfaicte et saincte</subfield>
  </datafield>
  <datafield tag="670" ind1=" " ind2=" ">
    <subfield code="a">Computerized Mensural Music Editing WWW site, December 15, 2019</subfield>
    <subfield code="b">(O Seigneur dieu, ta loy parfaicte et faicte)</subfield>
  </datafield>
  <datafield tag="670" ind1=" " ind2=" ">
    <subfield code="a">Catalogue de la chanson française à la Renaissance WWW site, December 15, 2019</subfield>
    <subfield code="b">(O Seigneur Dieu, ta loy parfaicte et faicte voices 4 Gardane Sources Attaingnant 1547/8; Fezandat 1552/3)</subfield>
  </datafield>
  <datafield tag="670" ind1=" " ind2=" ">
    <subfield code="a">RISM Catalog WWW site, December 15, 2019</subfield>
    <subfield code="b">(O seigneur Dieu ta loy parfaicte et saincte 4vv)</subfield>
  </datafield>
  <datafield tag="675" ind1=" " ind2=" ">
    <subfield code="a">OCLC, December 15, 2019</subfield>
    <subfield code="a">VIAF, December 15, 2019</subfield>
    <subfield code="a">Grove Music Online, December 15, 2019</subfield>
    <subfield code="a">Die Musik in Geschichte und Gegenwart 2nd ed. WWW site, December 15, 2019.</subfield>
  </datafield>
</record>