
<record>
  <leader>00716nz  a2200157n  4500</leader>
  <controlfield tag="001">11258632</controlfield>
  <controlfield tag="003">DLC</controlfield>
  <controlfield tag="005">20200105123007.0</controlfield>
  <controlfield tag="008">200104n| azannaabn          |n aaa     c</controlfield>
  <datafield tag="010" ind1=" " ind2=" ">
    <subfield code="a">no2020001034</subfield>
  </datafield>
  <datafield tag="035" ind1=" " ind2=" ">
    <subfield code="a">(OCoLC)oca12670455</subfield>
  </datafield>
  <datafield tag="040" ind1=" " ind2=" ">
    <subfield code="a">MdRoLAC</subfield>
    <subfield code="b">eng</subfield>
    <subfield code="e">rda</subfield>
    <subfield code="c">MdRoLAC</subfield>
  </datafield>
  <datafield tag="100" ind1="1" ind2=" ">
    <subfield code="a">Vuyst, Hildegard de</subfield>
  </datafield>
  <datafield tag="372" ind1=" " ind2=" ">
    <subfield code="a">Dance</subfield>
    <subfield code="a">Ballet</subfield>
    <subfield code="a">Dramaturgy</subfield>
    <subfield code="2">lcsh</subfield>
  </datafield>
  <datafield tag="375" ind1=" " ind2=" ">
    <subfield code="a">Females</subfield>
    <subfield code="2">lcdgt</subfield>
  </datafield>
  <datafield tag="670" ind1=" " ind2=" ">
    <subfield code="a">The choreopolitics of Alain Platel&apos;s les ballets C de la B, 2020L</subfield>
    <subfield code="b">eCIP title page (Hildegard De Vuyst) galley (Hildegard De Vuyst started her career as a dance critic and editor at theatre magazine Etcetera. From 1994 onwards she worked as a dramaturg, mainly with choreographer Alain Platel and his company, les ballets C de la B)</subfield>
  </datafield>
</record>