
<record>
  <leader>00896nz  a2200169n  4500</leader>
  <controlfield tag="001">11258636</controlfield>
  <controlfield tag="003">DLC</controlfield>
  <controlfield tag="005">20200105123007.0</controlfield>
  <controlfield tag="008">200104n| azannaabn          |n aaa     c</controlfield>
  <datafield tag="010" ind1=" " ind2=" ">
    <subfield code="a">no2020001053</subfield>
  </datafield>
  <datafield tag="035" ind1=" " ind2=" ">
    <subfield code="a">(OCoLC)oca12670474</subfield>
  </datafield>
  <datafield tag="040" ind1=" " ind2=" ">
    <subfield code="a">MdRoLAC</subfield>
    <subfield code="b">eng</subfield>
    <subfield code="e">rda</subfield>
    <subfield code="c">MdRoLAC</subfield>
  </datafield>
  <datafield tag="100" ind1="1" ind2=" ">
    <subfield code="a">Desai, Shruti</subfield>
  </datafield>
  <datafield tag="373" ind1=" " ind2=" ">
    <subfield code="a">Washington University (Saint Louis, Mo.)</subfield>
    <subfield code="2">naf</subfield>
  </datafield>
  <datafield tag="375" ind1=" " ind2=" ">
    <subfield code="a">Females</subfield>
    <subfield code="2">lcdgt</subfield>
  </datafield>
  <datafield tag="670" ind1=" " ind2=" ">
    <subfield code="a">Identity-conscious supervision in student affairs, 2020:</subfield>
    <subfield code="b">eCIP title page (Shruti Desai)</subfield>
  </datafield>
  <datafield tag="670" ind1=" " ind2=" ">
    <subfield code="a">Washington University in St. Louis profile, viewed 4 January 2020:</subfield>
    <subfield code="b">(Shruti Desai, Ed.D., serves as an Associate Director/Chief of Staff. In her role Shruti works to keep the day-to-day work of the Gephardt Institute running while ensuring strong collaborations with partners internal and external to the university)</subfield>
    <subfield code="u">https://gephardtinstitute.wustl.edu/people/associate-director-and-chief-of-staff/</subfield>
  </datafield>
</record>