
<record>
  <leader>00956nz  a2200217n  4500</leader>
  <controlfield tag="001">11258639</controlfield>
  <controlfield tag="003">DLC</controlfield>
  <controlfield tag="005">20200105123007.0</controlfield>
  <controlfield tag="008">200104n| azannaabn          |b aaa     c</controlfield>
  <datafield tag="010" ind1=" " ind2=" ">
    <subfield code="a">no2020001071</subfield>
  </datafield>
  <datafield tag="035" ind1=" " ind2=" ">
    <subfield code="a">(OCoLC)oca12672212</subfield>
  </datafield>
  <datafield tag="040" ind1=" " ind2=" ">
    <subfield code="a">InU</subfield>
    <subfield code="b">eng</subfield>
    <subfield code="e">rda</subfield>
    <subfield code="c">InU</subfield>
  </datafield>
  <datafield tag="100" ind1="1" ind2=" ">
    <subfield code="a">Pokhlebkin, V. V.</subfield>
    <subfield code="q">(Vilʹi︠a︡m Vasilʹevich).</subfield>
    <subfield code="t">I︠U︡.K. Paasikivi i Sovetskiĭ Soi︠u︡z.</subfield>
    <subfield code="l">Finnish</subfield>
  </datafield>
  <datafield tag="377" ind1=" " ind2=" ">
    <subfield code="a">fin</subfield>
  </datafield>
  <datafield tag="381" ind1=" " ind2=" ">
    <subfield code="a">Translations</subfield>
    <subfield code="2">lcsh</subfield>
  </datafield>
  <datafield tag="400" ind1="1" ind2=" ">
    <subfield code="a">Похлебкин, В. В.</subfield>
    <subfield code="q">(Вильям Васильевич).</subfield>
    <subfield code="t">Ю.К. Паасикиви и Советский Союз.</subfield>
    <subfield code="l">Finnish</subfield>
  </datafield>
  <datafield tag="400" ind1="1" ind2=" ">
    <subfield code="a">Pokhlebkin, V. V.</subfield>
    <subfield code="q">(Vilʹi︠a︡m Vasilʹevich).</subfield>
    <subfield code="t">J.K. Paasikivi ja Neuvostoliitto</subfield>
  </datafield>
  <datafield tag="400" ind1="1" ind2=" ">
    <subfield code="a">Pokhlebkin, V. V.</subfield>
    <subfield code="q">(Vilʹi︠a︡m Vasilʹevich).</subfield>
    <subfield code="t">J.K. Paasikivi i Sovetskij Sojuz</subfield>
  </datafield>
  <datafield tag="500" ind1="1" ind2=" ">
    <subfield code="w">r</subfield>
    <subfield code="i">Translator:</subfield>
    <subfield code="a">Heino, Ulla-Liisa</subfield>
  </datafield>
  <datafield tag="667" ind1=" " ind2=" ">
    <subfield code="a">Non-Latin script reference not evaluated.</subfield>
  </datafield>
  <datafield tag="670" ind1=" " ind2=" ">
    <subfield code="a">Pokhlebkin, V. V. J.K. Paasikivi ja Neuvostoliitto, 1980.</subfield>
  </datafield>
</record>