
<record>
  <leader>00842nz  a2200217n  4500</leader>
  <controlfield tag="001">11258640</controlfield>
  <controlfield tag="003">DLC</controlfield>
  <controlfield tag="005">20200105194230.0</controlfield>
  <controlfield tag="008">200105n| azannaabn          |n aaa      </controlfield>
  <datafield tag="010" ind1=" " ind2=" ">
    <subfield code="a">n 2020000423</subfield>
  </datafield>
  <datafield tag="040" ind1=" " ind2=" ">
    <subfield code="a">DLC</subfield>
    <subfield code="b">eng</subfield>
    <subfield code="e">rda</subfield>
    <subfield code="c">DLC</subfield>
  </datafield>
  <datafield tag="046" ind1=" " ind2=" ">
    <subfield code="f">1920-02-09</subfield>
    <subfield code="g">2001-06-08</subfield>
    <subfield code="2">edtf</subfield>
  </datafield>
  <datafield tag="100" ind1="1" ind2=" ">
    <subfield code="a">Tawfīq, Tumāḍir,</subfield>
    <subfield code="d">1920-2001</subfield>
  </datafield>
  <datafield tag="370" ind1=" " ind2=" ">
    <subfield code="a">Egypt</subfield>
    <subfield code="2">naf</subfield>
  </datafield>
  <datafield tag="374" ind1=" " ind2=" ">
    <subfield code="a">Broadcaster</subfield>
    <subfield code="2">lcsh</subfield>
  </datafield>
  <datafield tag="375" ind1=" " ind2=" ">
    <subfield code="a">female</subfield>
  </datafield>
  <datafield tag="377" ind1=" " ind2=" ">
    <subfield code="a">ara</subfield>
  </datafield>
  <datafield tag="400" ind1="1" ind2=" ">
    <subfield code="a">توفيق, تماضر ,</subfield>
    <subfield code="d">1920-2001</subfield>
  </datafield>
  <datafield tag="667" ind1=" " ind2=" ">
    <subfield code="a">Non-Latin script reference not evaluated</subfield>
  </datafield>
  <datafield tag="670" ind1=" " ind2=" ">
    <subfield code="a">Nisāʼ shahīrāt min al-Sharq wa-al-, 1959 :</subfield>
    <subfield code="b">title page (تماضر توفيق = Tumāḍir Tawfīq)</subfield>
  </datafield>
  <datafield tag="670" ind1=" " ind2=" ">
    <subfield code="a">Wikipedia, arabic viewed Jan. 5th, 2020 :</subfield>
    <subfield code="b">(Tamader Tawfiq (February 9, 1920 - June 8, 2001), Egyptian media and radio. She is the first woman to assume the presidency of Egyptian TV)</subfield>
  </datafield>
</record>