
<record>
  <leader>00798nz  a2200181n  4500</leader>
  <controlfield tag="001">11258641</controlfield>
  <controlfield tag="003">DLC</controlfield>
  <controlfield tag="005">20200105210350.0</controlfield>
  <controlfield tag="008">200105n| azannaabn          |n aaa      </controlfield>
  <datafield tag="010" ind1=" " ind2=" ">
    <subfield code="a">n 2020228007</subfield>
  </datafield>
  <datafield tag="040" ind1=" " ind2=" ">
    <subfield code="a">DLC</subfield>
    <subfield code="b">eng</subfield>
    <subfield code="c">DLC</subfield>
    <subfield code="e">rda</subfield>
  </datafield>
  <datafield tag="100" ind1="1" ind2=" ">
    <subfield code="a">Chen, Siew Thong</subfield>
  </datafield>
  <datafield tag="370" ind1=" " ind2=" ">
    <subfield code="c">Malaysia</subfield>
  </datafield>
  <datafield tag="372" ind1=" " ind2=" ">
    <subfield code="a">Laws</subfield>
  </datafield>
  <datafield tag="374" ind1=" " ind2=" ">
    <subfield code="a">Lawyer</subfield>
  </datafield>
  <datafield tag="375" ind1=" " ind2=" ">
    <subfield code="a">male</subfield>
  </datafield>
  <datafield tag="377" ind1=" " ind2=" ">
    <subfield code="a">may</subfield>
  </datafield>
  <datafield tag="670" ind1=" " ind2=" ">
    <subfield code="a">The company constitution, 2018:</subfield>
    <subfield code="b">title page (Chen Siew Thong) page [ix] (Chen Siew Thong, advocate &amp; solocitor of the High Court Malaya; His area of practice is in civil litigation relating to family, land, tenancy, contractual disputes, corporate and construction law disputes, judicial reviews, medical negligence, defamation, and debt recovery claims; currently pursuing Master in Business law, Universiti Kebangsaan Malaysia)</subfield>
  </datafield>
</record>