
<record>
  <leader>00533nz  a2200181n  4500</leader>
  <controlfield tag="001">11258642</controlfield>
  <controlfield tag="003">DLC</controlfield>
  <controlfield tag="005">20200105213238.0</controlfield>
  <controlfield tag="008">200105n| azannaabn          |a aaa      </controlfield>
  <datafield tag="010" ind1=" " ind2=" ">
    <subfield code="a">n 2020220010</subfield>
  </datafield>
  <datafield tag="040" ind1=" " ind2=" ">
    <subfield code="a">DLC</subfield>
    <subfield code="b">eng</subfield>
    <subfield code="c">DLC</subfield>
    <subfield code="e">rda</subfield>
  </datafield>
  <datafield tag="100" ind1="1" ind2=" ">
    <subfield code="a">Hasin, Muhammad</subfield>
  </datafield>
  <datafield tag="370" ind1=" " ind2=" ">
    <subfield code="c">Indonesia</subfield>
  </datafield>
  <datafield tag="373" ind1=" " ind2=" ">
    <subfield code="a">Universitas Madura, Fakultas Ilmu Administrasi</subfield>
  </datafield>
  <datafield tag="375" ind1=" " ind2=" ">
    <subfield code="a">male</subfield>
  </datafield>
  <datafield tag="377" ind1=" " ind2=" ">
    <subfield code="a">ind</subfield>
  </datafield>
  <datafield tag="400" ind1="0" ind2=" ">
    <subfield code="a">Muhammad Hasin</subfield>
  </datafield>
  <datafield tag="670" ind1=" " ind2=" ">
    <subfield code="a">Satu bendera, 2016:</subfield>
    <subfield code="b">title page (Muhammad Hasin) p. vi (grad. from Universitas Madura, Fakultas Ilmu Administrasi)</subfield>
  </datafield>
</record>