
<record>
  <leader>00618nz  a2200145n  4500</leader>
  <controlfield tag="001">11258643</controlfield>
  <controlfield tag="003">DLC</controlfield>
  <controlfield tag="005">20200105215909.0</controlfield>
  <controlfield tag="008">200105n| azannaabn          |n ana      </controlfield>
  <datafield tag="010" ind1=" " ind2=" ">
    <subfield code="a">n 2020220011</subfield>
  </datafield>
  <datafield tag="040" ind1=" " ind2=" ">
    <subfield code="a">DLC</subfield>
    <subfield code="b">eng</subfield>
    <subfield code="e">rda</subfield>
    <subfield code="c">DLC</subfield>
  </datafield>
  <datafield tag="110" ind1="2" ind2=" ">
    <subfield code="a">Universiti Islam Sultan Sharif Ali.</subfield>
    <subfield code="b">Pusat Penyelidikan dan Penerbitan</subfield>
  </datafield>
  <datafield tag="368" ind1=" " ind2=" ">
    <subfield code="a">State university</subfield>
  </datafield>
  <datafield tag="371" ind1=" " ind2=" ">
    <subfield code="a">Simpang 347, Jalan Pasar Baharu</subfield>
    <subfield code="b">Gadong</subfield>
    <subfield code="d">Brunei</subfield>
    <subfield code="e">BE 1310</subfield>
  </datafield>
  <datafield tag="670" ind1=" " ind2=" ">
    <subfield code="a">Individu ulul albab pakar rujuk masyarakat, 2015:</subfield>
    <subfield code="b">t.p. verso (Pusat Penyelidikan dan Penerbitan, Universiti Islam Sultan Sharif Ali; address: Simpang 347, Jalan Pasar Baharu, BE 1310 Gadong, Brunei)</subfield>
  </datafield>
</record>