
<record>
  <leader>00814cz  a2200217n  4500</leader>
  <controlfield tag="001">11258644</controlfield>
  <controlfield tag="003">DLC</controlfield>
  <controlfield tag="005">20200105224647.0</controlfield>
  <controlfield tag="008">200105n| azannaabn          |a aaa      </controlfield>
  <datafield tag="010" ind1=" " ind2=" ">
    <subfield code="a">n 2020220012</subfield>
  </datafield>
  <datafield tag="040" ind1=" " ind2=" ">
    <subfield code="a">DLC</subfield>
    <subfield code="b">eng</subfield>
    <subfield code="c">DLC</subfield>
    <subfield code="e">rda</subfield>
  </datafield>
  <datafield tag="046" ind1=" " ind2=" ">
    <subfield code="f">1969-11-20</subfield>
    <subfield code="2">edtf</subfield>
  </datafield>
  <datafield tag="100" ind1="1" ind2=" ">
    <subfield code="a">Fradelizi, Stanislas,</subfield>
    <subfield code="d">1969-</subfield>
  </datafield>
  <datafield tag="373" ind1=" " ind2=" ">
    <subfield code="a">Pakbeng Lodge</subfield>
    <subfield code="a">Mekong Elephant Camp</subfield>
  </datafield>
  <datafield tag="374" ind1=" " ind2=" ">
    <subfield code="a">Photographer</subfield>
  </datafield>
  <datafield tag="374" ind1=" " ind2=" ">
    <subfield code="a">General Manager</subfield>
    <subfield code="s">2012</subfield>
  </datafield>
  <datafield tag="375" ind1=" " ind2=" ">
    <subfield code="a">male</subfield>
  </datafield>
  <datafield tag="377" ind1=" " ind2=" ">
    <subfield code="a">eng</subfield>
  </datafield>
  <datafield tag="400" ind1="1" ind2=" ">
    <subfield code="a">Fradelizi, Stan,</subfield>
    <subfield code="d">1969-</subfield>
  </datafield>
  <datafield tag="670" ind1=" " ind2=" ">
    <subfield code="a">Collections du musée de Vat Phu, 2012:</subfield>
    <subfield code="b">title page verso (Stanislas Fradelizi, photographer)</subfield>
  </datafield>
  <datafield tag="670" ind1=" " ind2=" ">
    <subfield code="a">Slideshare.net, January 6, 2020</subfield>
    <subfield code="b">(Stanislas Fradelizi, b. November 20, 1969; Stan Fradelizi joined Pakbeng Lodge and Mekong Elephant Camp on June 6, 2012 located in Pakbeng, Laos as a General Manager</subfield>
  </datafield>
</record>