
<record>
  <leader>00622nz  a2200181n  4500</leader>
  <controlfield tag="001">11258645</controlfield>
  <controlfield tag="003">DLC</controlfield>
  <controlfield tag="005">20200105225530.0</controlfield>
  <controlfield tag="008">200105n| azannaabn          |n aaa      </controlfield>
  <datafield tag="010" ind1=" " ind2=" ">
    <subfield code="a">n 2020220013</subfield>
  </datafield>
  <datafield tag="040" ind1=" " ind2=" ">
    <subfield code="a">DLC</subfield>
    <subfield code="b">eng</subfield>
    <subfield code="c">DLC</subfield>
    <subfield code="e">rda</subfield>
  </datafield>
  <datafield tag="100" ind1="1" ind2=" ">
    <subfield code="a">Santoni, Marielle</subfield>
  </datafield>
  <datafield tag="373" ind1=" " ind2=" ">
    <subfield code="a">Centre national de la recherche scientifique</subfield>
  </datafield>
  <datafield tag="374" ind1=" " ind2=" ">
    <subfield code="a">Photographer</subfield>
  </datafield>
  <datafield tag="375" ind1=" " ind2=" ">
    <subfield code="a">female</subfield>
  </datafield>
  <datafield tag="377" ind1=" " ind2=" ">
    <subfield code="a">eng</subfield>
  </datafield>
  <datafield tag="670" ind1=" " ind2=" ">
    <subfield code="a">Collections du musée de Vat Phu, 2012:</subfield>
    <subfield code="b">title page verso (Marielle Santoni, photographer)</subfield>
  </datafield>
  <datafield tag="670" ind1=" " ind2=" ">
    <subfield code="a">Vatphou-champassak.com, January 6, 2020</subfield>
    <subfield code="b">(Marielle Santoni, associated with Centre national de la recherche scientifique)</subfield>
  </datafield>
</record>