
<record>
  <leader>00488nz  a2200133n  4500</leader>
  <controlfield tag="001">11258646</controlfield>
  <controlfield tag="003">DLC</controlfield>
  <controlfield tag="005">20200105225941.0</controlfield>
  <controlfield tag="008">200105n| azannaabn          |a aaa      </controlfield>
  <datafield tag="010" ind1=" " ind2=" ">
    <subfield code="a">n 2020220014</subfield>
  </datafield>
  <datafield tag="040" ind1=" " ind2=" ">
    <subfield code="a">DLC</subfield>
    <subfield code="b">eng</subfield>
    <subfield code="c">DLC</subfield>
    <subfield code="e">rda</subfield>
  </datafield>
  <datafield tag="100" ind1="1" ind2=" ">
    <subfield code="a">Hawixbrock, Christine.</subfield>
    <subfield code="t">Collections du musée de Vat Phu.</subfield>
    <subfield code="l">English</subfield>
  </datafield>
  <datafield tag="400" ind1="1" ind2=" ">
    <subfield code="a">Hawixbrock, Christine.</subfield>
    <subfield code="t">Vat Phu Museum collections</subfield>
  </datafield>
  <datafield tag="670" ind1=" " ind2=" ">
    <subfield code="a">Collections du musée de Vat Phu, 2012:</subfield>
    <subfield code="b">t.p. (Collections du musée de Vat Phu = Vat Phu Museum collections)</subfield>
  </datafield>
</record>