
<record>
  <leader>00670nz  a2200157n  4500</leader>
  <controlfield tag="001">11258647</controlfield>
  <controlfield tag="003">DLC</controlfield>
  <controlfield tag="005">20200105230744.0</controlfield>
  <controlfield tag="008">200105n| azannaabn          |n ana      </controlfield>
  <datafield tag="010" ind1=" " ind2=" ">
    <subfield code="a">n 2020220015</subfield>
  </datafield>
  <datafield tag="040" ind1=" " ind2=" ">
    <subfield code="a">DLC</subfield>
    <subfield code="b">eng</subfield>
    <subfield code="c">DLC</subfield>
    <subfield code="e">rda</subfield>
  </datafield>
  <datafield tag="046" ind1=" " ind2=" ">
    <subfield code="s">2018-03-18</subfield>
    <subfield code="t">2018-07-01</subfield>
    <subfield code="2">edtf</subfield>
  </datafield>
  <datafield tag="111" ind1="2" ind2=" ">
    <subfield code="a">Bengkel Bahasa dan Sastra Indonesia Siswa SLTA Kota Yogyakarta</subfield>
    <subfield code="d">(2018 :</subfield>
    <subfield code="c">Yogyakarta, Indonesia)</subfield>
  </datafield>
  <datafield tag="368" ind1=" " ind2=" ">
    <subfield code="a">Workshop</subfield>
  </datafield>
  <datafield tag="377" ind1=" " ind2=" ">
    <subfield code="a">ind</subfield>
  </datafield>
  <datafield tag="670" ind1=" " ind2=" ">
    <subfield code="a">Keprihatinan para remaja, 2018:</subfield>
    <subfield code="b">title page (Bengkel Bahasa dan Sastra Indonesia Siswa SLTA Kota Yogyakarta) page iii (held ten times from March 18 to July 1, 2018 in Yogyakarta City; an annual workshop for high school students in Yogyakarta)</subfield>
  </datafield>
</record>