
<record>
  <leader>00392nz  a2200145n  4500</leader>
  <controlfield tag="001">11258648</controlfield>
  <controlfield tag="003">DLC</controlfield>
  <controlfield tag="005">20200105234017.0</controlfield>
  <controlfield tag="008">200105n| azannaabn          |n ana      </controlfield>
  <datafield tag="010" ind1=" " ind2=" ">
    <subfield code="a">n 2020220016</subfield>
  </datafield>
  <datafield tag="040" ind1=" " ind2=" ">
    <subfield code="a">DLC</subfield>
    <subfield code="b">eng</subfield>
    <subfield code="c">DLC</subfield>
    <subfield code="e">rda</subfield>
  </datafield>
  <datafield tag="110" ind1="2" ind2=" ">
    <subfield code="a">A.publication (Publisher)</subfield>
  </datafield>
  <datafield tag="370" ind1=" " ind2=" ">
    <subfield code="c">Indonesia</subfield>
  </datafield>
  <datafield tag="377" ind1=" " ind2=" ">
    <subfield code="a">eng</subfield>
    <subfield code="a">ind</subfield>
  </datafield>
  <datafield tag="670" ind1=" " ind2=" ">
    <subfield code="a">Atrip, 2018?:</subfield>
    <subfield code="b">colophon (A.publication; a publisher located in Indonesia)</subfield>
  </datafield>
</record>