
<record>
  <leader>00433cz  a2200157n  4500</leader>
  <controlfield tag="001">11258649</controlfield>
  <controlfield tag="003">DLC</controlfield>
  <controlfield tag="005">20200105235110.0</controlfield>
  <controlfield tag="008">200105n| azannaabn          |a aaa      </controlfield>
  <datafield tag="010" ind1=" " ind2=" ">
    <subfield code="a">n 2020240000</subfield>
  </datafield>
  <datafield tag="040" ind1=" " ind2=" ">
    <subfield code="a">DLC</subfield>
    <subfield code="b">eng</subfield>
    <subfield code="e">rda</subfield>
    <subfield code="c">DLC</subfield>
  </datafield>
  <datafield tag="100" ind1="1" ind2=" ">
    <subfield code="a">Kubera, Girīśa.</subfield>
    <subfield code="t">Ṭāṭāyana.</subfield>
    <subfield code="l">English</subfield>
  </datafield>
  <datafield tag="370" ind1=" " ind2=" ">
    <subfield code="g">Mumbai (India)</subfield>
    <subfield code="2">naf</subfield>
  </datafield>
  <datafield tag="500" ind1="1" ind2=" ">
    <subfield code="w">r</subfield>
    <subfield code="i">Translator :</subfield>
    <subfield code="a">Pande, Vikrant</subfield>
  </datafield>
  <datafield tag="400" ind1="1" ind2=" ">
    <subfield code="a">Kubera, Girīśa.</subfield>
    <subfield code="t">Tatas</subfield>
  </datafield>
  <datafield tag="670" ind1=" " ind2=" ">
    <subfield code="a">The Tatas, 2019.</subfield>
  </datafield>
</record>