
<record>
  <leader>00770nz  a2200157n  4500</leader>
  <controlfield tag="001">11258651</controlfield>
  <controlfield tag="003">DLC</controlfield>
  <controlfield tag="005">20200105235553.0</controlfield>
  <controlfield tag="008">200105n| azannaabn          |n ana      </controlfield>
  <datafield tag="010" ind1=" " ind2=" ">
    <subfield code="a">n 2020240002</subfield>
  </datafield>
  <datafield tag="040" ind1=" " ind2=" ">
    <subfield code="a">DLC</subfield>
    <subfield code="b">eng</subfield>
    <subfield code="e">rda</subfield>
    <subfield code="c">DLC</subfield>
  </datafield>
  <datafield tag="110" ind1="2" ind2=" ">
    <subfield code="a">Akhila Bhāratiya Sāhitya Pariṣad, Karnāṭaka</subfield>
  </datafield>
  <datafield tag="370" ind1=" " ind2=" ">
    <subfield code="c">India</subfield>
    <subfield code="e">Bangalore (India)</subfield>
    <subfield code="2">naf</subfield>
  </datafield>
  <datafield tag="371" ind1=" " ind2=" ">
    <subfield code="a">No. 008, Ground Floor, Pyramid Platina Apartment, Kanakapura Road, Narayananagara Main Road, Gubbalala Gate, Doddakallasandra</subfield>
    <subfield code="b">Bangalore</subfield>
    <subfield code="c">Karnataka</subfield>
    <subfield code="d">560062</subfield>
  </datafield>
  <datafield tag="377" ind1=" " ind2=" ">
    <subfield code="a">kan</subfield>
  </datafield>
  <datafield tag="670" ind1=" " ind2=" ">
    <subfield code="a">Āpyāya, 2018:</subfield>
    <subfield code="b">title page verso (Akihla Bharatiya Sahitya Parisad, Karnataka; address: No. 008, Ground Floor, Pyramid Platina Apartment, Kanakapura Road, Narayananagara Main Road, Gubbalala Gate, Doddakallsandra, Bangalore - 560062)</subfield>
  </datafield>
</record>