
<record>
  <leader>00414nz  a2200157n  4500</leader>
  <controlfield tag="001">11258653</controlfield>
  <controlfield tag="003">DLC</controlfield>
  <controlfield tag="005">20200105235729.0</controlfield>
  <controlfield tag="008">200105n| azannaabn          |a aaa      </controlfield>
  <datafield tag="010" ind1=" " ind2=" ">
    <subfield code="a">n 2020240004</subfield>
  </datafield>
  <datafield tag="040" ind1=" " ind2=" ">
    <subfield code="a">DLC</subfield>
    <subfield code="b">eng</subfield>
    <subfield code="e">rda</subfield>
    <subfield code="c">DLC</subfield>
  </datafield>
  <datafield tag="100" ind1="1" ind2=" ">
    <subfield code="a">Dēvarāj, Sātanūru</subfield>
  </datafield>
  <datafield tag="375" ind1=" " ind2=" ">
    <subfield code="a">Males</subfield>
    <subfield code="2">lcdgt</subfield>
  </datafield>
  <datafield tag="377" ind1=" " ind2=" ">
    <subfield code="a">kan</subfield>
  </datafield>
  <datafield tag="400" ind1="0" ind2=" ">
    <subfield code="a">Sātanūru Dēvarāj</subfield>
  </datafield>
  <datafield tag="670" ind1=" " ind2=" ">
    <subfield code="a">Āpyāya, 2018:</subfield>
    <subfield code="b">title page (Sātanūru Dēvarāj)</subfield>
  </datafield>
</record>