
<record>
  <leader>00620nz  a2200205n  4500</leader>
  <controlfield tag="001">11258654</controlfield>
  <controlfield tag="003">DLC</controlfield>
  <controlfield tag="005">20200105235806.0</controlfield>
  <controlfield tag="008">200105n| azannaabn          |a aaa      </controlfield>
  <datafield tag="010" ind1=" " ind2=" ">
    <subfield code="a">n 2020240005</subfield>
  </datafield>
  <datafield tag="040" ind1=" " ind2=" ">
    <subfield code="a">DLC</subfield>
    <subfield code="b">eng</subfield>
    <subfield code="e">rda</subfield>
    <subfield code="c">DLC</subfield>
  </datafield>
  <datafield tag="100" ind1="0" ind2=" ">
    <subfield code="a">Kṣitij Bīdara</subfield>
  </datafield>
  <datafield tag="370" ind1=" " ind2=" ">
    <subfield code="e">Tumkūr (India)</subfield>
    <subfield code="2">naf</subfield>
  </datafield>
  <datafield tag="375" ind1=" " ind2=" ">
    <subfield code="a">Males</subfield>
    <subfield code="2">lcdgt</subfield>
  </datafield>
  <datafield tag="377" ind1=" " ind2=" ">
    <subfield code="a">kan</subfield>
  </datafield>
  <datafield tag="400" ind1="1" ind2=" ">
    <subfield code="a">Bīdara, Kṣitij</subfield>
  </datafield>
  <datafield tag="400" ind1="0" ind2=" ">
    <subfield code="a">Kshithiz Bidar</subfield>
  </datafield>
  <datafield tag="400" ind1="1" ind2=" ">
    <subfield code="a">Matapathi, Basavaraj</subfield>
  </datafield>
  <datafield tag="400" ind1="0" ind2=" ">
    <subfield code="a">Kṣitija Bīdara</subfield>
  </datafield>
  <datafield tag="670" ind1=" " ind2=" ">
    <subfield code="a">Mukta, 2018:</subfield>
    <subfield code="b">title page (Kṣitij Bīdara) title page verso (Kshithiz Bidar (Basavaraj Matapathi, Tumkur)) cover (Kṣitija Bīdara)</subfield>
  </datafield>
</record>