
<record>
  <leader>00722nz  a2200205n  4500</leader>
  <controlfield tag="001">11258656</controlfield>
  <controlfield tag="003">DLC</controlfield>
  <controlfield tag="005">20200105235922.0</controlfield>
  <controlfield tag="008">200105n| azannaabn          |a aaa      </controlfield>
  <datafield tag="010" ind1=" " ind2=" ">
    <subfield code="a">n 2020240007</subfield>
  </datafield>
  <datafield tag="040" ind1=" " ind2=" ">
    <subfield code="a">DLC</subfield>
    <subfield code="b">eng</subfield>
    <subfield code="e">rda</subfield>
    <subfield code="c">DLC</subfield>
  </datafield>
  <datafield tag="100" ind1="1" ind2=" ">
    <subfield code="a">Marji, Sadāśiva</subfield>
  </datafield>
  <datafield tag="370" ind1=" " ind2=" ">
    <subfield code="a">Hunagunda (India)</subfield>
  </datafield>
  <datafield tag="370" ind1=" " ind2=" ">
    <subfield code="e">Dhārwār (India)</subfield>
    <subfield code="2">naf</subfield>
  </datafield>
  <datafield tag="371" ind1=" " ind2=" ">
    <subfield code="m">sadashiv.marji@gmail.com</subfield>
  </datafield>
  <datafield tag="375" ind1=" " ind2=" ">
    <subfield code="a">Males</subfield>
    <subfield code="2">lcdgt</subfield>
  </datafield>
  <datafield tag="377" ind1=" " ind2=" ">
    <subfield code="a">kan</subfield>
  </datafield>
  <datafield tag="400" ind1="0" ind2=" ">
    <subfield code="a">Sadāśiva Marji</subfield>
  </datafield>
  <datafield tag="400" ind1="1" ind2=" ">
    <subfield code="a">Marji, Sadashiva</subfield>
  </datafield>
  <datafield tag="670" ind1=" " ind2=" ">
    <subfield code="a">Nānu Hindū āgi sāyalāre, 2017:</subfield>
    <subfield code="b">title page (Sadāśiva Marji) title page verso (Sadashiva Marji, Dharwad; email: sadashiv.marji@gmail.com) author&apos;s note (born in Hunagunda, post graduation from Karnataka University)</subfield>
  </datafield>
</record>
</collection>
